Region,Country,Item Type,Sales Channel,Order Priority,Order Date,Order ID,Ship Date,Units Sold,Unit Price,Unit Cost,Total Revenue,Total Cost,Total Profit
Sub-Saharan Africa,Chad,Office Supplies,Online,L,1/27/2011,292494523,02-12-2011,4484,651.21,524.96,2920025.64,2353920.64,566105
Europe,Latvia,Beverages,Online,C,12/28/2015,361825549,1/23/2016,1075,47.45,31.79,51008.75,34174.25,16834.5
Middle East and North Africa,Pakistan,Vegetables,Offline,C,1/13/2011,141515767,02-01-2011,6515,154.06,90.93,1003700.9,592408.95,411291.95
Sub-Saharan Africa,Democratic Republic of the Congo,Household,Online,C,09-11-2012,500364005,10-06-2012,7683,668.27,502.54,5134318.41,3861014.82,1273303.59
Europe,Czech Republic,Beverages,Online,C,10/27/2015,127481591,12-05-2015,3491,47.45,31.79,165647.95,110978.89,54669.06
Sub-Saharan Africa,South Africa,Beverages,Offline,H,07-10-2012,482292354,8/21/2012,9880,47.45,31.79,468806,314085.2,154720.8
Asia,Laos,Vegetables,Online,L,2/20/2011,844532620,3/20/2011,4825,154.06,90.93,743339.5,438737.25,304602.25
Asia,China,Baby Food,Online,C,04-10-2017,564251220,05-12-2017,3330,255.28,159.42,850082.4,530868.6,319213.8
Sub-Saharan Africa,Eritrea,Meat,Online,L,11/21/2014,411809480,01-10-2015,2431,421.89,364.69,1025614.59,886561.39,139053.2
Central America and the Caribbean,Haiti,Office Supplies,Online,C,07-04-2015,327881228,7/20/2015,6197,651.21,524.96,4035548.37,3253177.12,782371.25
Sub-Saharan Africa,Zambia,Cereal,Offline,M,7/26/2016,773452794,8/24/2016,724,205.7,117.11,148926.8,84787.64,64139.16
Europe,Bosnia and Herzegovina,Baby Food,Offline,M,10/20/2012,479823005,11/15/2012,9145,255.28,159.42,2334535.6,1457895.9,876639.7
Europe,Germany,Office Supplies,Online,C,2/22/2015,498603188,2/27/2015,6618,651.21,524.96,4309707.78,3474185.28,835522.5
Asia,India,Household,Online,C,8/27/2016,151717174,09-02-2016,5338,668.27,502.54,3567225.26,2682558.52,884666.74
Middle East and North Africa,Algeria,Clothes,Offline,C,6/21/2011,181401288,7/21/2011,9527,109.28,35.84,1041110.56,341447.68,699662.88
Australia and Oceania,Palau,Snacks,Offline,L,9/19/2013,500204360,10-04-2013,441,152.58,97.44,67287.78,42971.04,24316.74
Central America and the Caribbean,Cuba,Beverages,Online,H,11/15/2015,640987718,11/30/2015,1365,47.45,31.79,64769.25,43393.35,21375.9
Europe,Vatican City,Beverages,Online,L,04-06-2015,206925189,4/27/2015,2617,47.45,31.79,124176.65,83194.43,40982.22
Middle East and North Africa,Lebanon,Personal Care,Offline,H,04-12-2010,221503102,5/19/2010,6545,81.73,56.67,534922.85,370905.15,164017.7
Europe,Lithuania,Snacks,Offline,H,9/26/2011,878520286,10-02-2011,2530,152.58,97.44,386027.4,246523.2,139504.2
Sub-Saharan Africa,Mauritius ,Cosmetics,Offline,H,5/14/2016,192088067,6/18/2016,1983,437.2,263.33,866967.6,522183.39,344784.21
Europe,Ukraine,Office Supplies,Online,C,8/14/2010,746630275,8/31/2010,3345,651.21,524.96,2178297.45,1755991.2,422306.25
Europe,Russia,Snacks,Offline,L,4/13/2012,246883237,4/22/2012,7091,152.58,97.44,1081944.78,690947.04,390997.74
Asia,Japan,Cosmetics,Offline,H,9/19/2013,967895781,9/28/2013,725,437.2,263.33,316970,190914.25,126055.75
Europe,Russia,Meat,Offline,L,12-02-2015,305029237,12/26/2015,3784,421.89,364.69,1596431.76,1379986.96,216444.8
Europe,Liechtenstein,Vegetables,Offline,L,2/26/2017,223957431,2/28/2017,2835,154.06,90.93,436760.1,257786.55,178973.55
Europe,Greece,Clothes,Online,C,10-09-2016,510666692,10/13/2016,6477,109.28,35.84,707806.56,232135.68,475670.88
Europe,Albania,Baby Food,Offline,C,5/20/2011,121455848,6/19/2011,339,255.28,159.42,86539.92,54043.38,32496.54
Australia and Oceania,Federated States of Micronesia,Baby Food,Online,M,10/24/2013,332936227,12-03-2013,2083,255.28,159.42,531748.24,332071.86,199676.38
Central America and the Caribbean,Dominica,Beverages,Offline,H,6/14/2011,692031657,7/20/2011,6401,47.45,31.79,303727.45,203487.79,100239.66
Europe,Andorra,Office Supplies,Online,M,6/20/2015,365978467,7/21/2015,16,651.21,524.96,10419.36,8399.36,2020
Europe,Switzerland,Personal Care,Online,M,08-05-2011,392325484,09-01-2011,6684,81.73,56.67,546283.32,378782.28,167501.04
Central America and the Caribbean,Trinidad and Tobago,Baby Food,Offline,L,11/30/2016,528934037,01-09-2017,2191,255.28,159.42,559318.48,349289.22,210029.26
Europe,San Marino,Vegetables,Online,H,07-05-2015,603977954,7/29/2015,9353,154.06,90.93,1440923.18,850468.29,590454.89
Central America and the Caribbean,Nicaragua,Fruits,Online,L,3/25/2015,965943562,05-09-2015,3020,9.33,6.92,28176.6,20898.4,7278.2
Middle East and North Africa,Azerbaijan,Cosmetics,Online,M,8/22/2013,233629691,8/30/2013,5072,437.2,263.33,2217478.4,1335609.76,881868.64
Asia,Bangladesh,Personal Care,Online,L,12-11-2016,246147668,1/13/2017,9420,81.73,56.67,769896.6,533831.4,236065.2
Europe,Serbia,Beverages,Online,H,6/23/2013,212921321,7/18/2013,7005,47.45,31.79,332387.25,222688.95,109698.3
Sub-Saharan Africa,Mauritius ,Fruits,Offline,H,05-08-2015,763686978,5/13/2015,803,9.33,6.92,7491.99,5556.76,1935.23
Central America and the Caribbean,Jamaica,Baby Food,Offline,H,10/24/2016,798493468,11/24/2016,816,255.28,159.42,208308.48,130086.72,78221.76
Europe,Italy,Cereal,Offline,H,03-10-2013,637702119,04-04-2013,9083,205.7,117.11,1868373.1,1063710.13,804662.97
Asia,Bhutan,Clothes,Offline,L,3/18/2012,671986758,05-04-2012,4670,109.28,35.84,510337.6,167372.8,342964.8
Middle East and North Africa,Turkey,Clothes,Online,L,02-11-2015,912333714,03-02-2015,8675,109.28,35.84,948004,310912,637092
Europe,Bulgaria,Cosmetics,Offline,L,10/30/2012,540041816,11-03-2012,9229,437.2,263.33,4034918.8,2430272.57,1604646.23
Middle East and North Africa,Pakistan,Household,Offline,M,07-06-2012,156722390,08-01-2012,6493,668.27,502.54,4339077.11,3262992.22,1076084.89
Europe,Poland,Cereal,Offline,C,01-04-2011,434299266,2/21/2011,7659,205.7,117.11,1575456.3,896945.49,678510.81
Europe,France,Baby Food,Offline,M,10/25/2013,765008771,12-10-2013,1950,255.28,159.42,497796,310869,186927
Central America and the Caribbean,Jamaica,Baby Food,Offline,C,2/16/2016,611399734,3/22/2016,5623,255.28,159.42,1435439.44,896418.66,539020.78
Australia and Oceania,Australia,Personal Care,Online,H,3/16/2014,856333482,4/27/2014,6962,81.73,56.67,569004.26,394536.54,174467.72
Middle East and North Africa,Somalia,Fruits,Offline,C,9/24/2016,652983844,10/29/2016,1285,9.33,6.92,11989.05,8892.2,3096.85
Europe,Slovenia,Cosmetics,Online,M,9/30/2010,574837148,11-11-2010,5941,437.2,263.33,2597405.2,1564443.53,1032961.67
Australia and Oceania,Samoa ,Clothes,Offline,C,11-05-2010,365692222,12-05-2010,5310,109.28,35.84,580276.8,190310.4,389966.4
Sub-Saharan Africa,South Africa,Cereal,Online,M,7/21/2017,289660394,8/22/2017,5802,205.7,117.11,1193471.4,679472.22,513999.18
Sub-Saharan Africa,Ghana,Vegetables,Online,L,07-10-2013,681165492,7/26/2013,861,154.06,90.93,132645.66,78290.73,54354.93
Asia,Sri Lanka,Office Supplies,Offline,M,10-06-2012,594943845,10/21/2012,5959,651.21,524.96,3880560.39,3128236.64,752323.75
Sub-Saharan Africa,Guinea,Meat,Online,C,06-04-2011,956044280,7/24/2011,3603,421.89,364.69,1520069.67,1313978.07,206091.6
Europe,Spain,Fruits,Offline,L,04-12-2014,509828126,4/15/2014,8327,9.33,6.92,77690.91,57622.84,20068.07
Europe,Moldova ,Personal Care,Online,M,10/26/2015,771969211,12/15/2015,1699,81.73,56.67,138859.27,96282.33,42576.94
Central America and the Caribbean,Dominican Republic,Cereal,Online,L,08-04-2011,178453862,8/27/2011,7318,205.7,117.11,1505312.6,857010.98,648301.62
Europe,Luxembourg,Personal Care,Online,L,2/24/2017,835580909,4/14/2017,5814,81.73,56.67,475178.22,329479.38,145698.84
Middle East and North Africa,Kuwait,Office Supplies,Offline,L,3/30/2011,869961678,04-12-2011,9848,651.21,524.96,6413116.08,5169806.08,1243310
Central America and the Caribbean,Saint Lucia,Fruits,Online,C,05-02-2015,278519999,6/14/2015,9112,9.33,6.92,85014.96,63055.04,21959.92
Europe,Georgia,Vegetables,Offline,H,02-01-2014,478492200,2/26/2014,5330,154.06,90.93,821139.8,484656.9,336482.9
Europe,Bosnia and Herzegovina,Cosmetics,Offline,H,03-03-2012,257427108,04-10-2012,7257,437.2,263.33,3172760.4,1910985.81,1261774.59
Europe,Iceland,Snacks,Online,H,4/22/2015,723186051,5/13/2015,5678,152.58,97.44,866349.24,553264.32,313084.92
Sub-Saharan Africa,Mauritius ,Personal Care,Online,M,05-12-2011,353942859,5/15/2011,8412,81.73,56.67,687512.76,476708.04,210804.72
Sub-Saharan Africa,Malawi,Office Supplies,Online,C,12/21/2011,848183858,1/18/2012,5307,651.21,524.96,3455971.47,2785962.72,670008.75
Sub-Saharan Africa,Seychelles ,Meat,Online,C,12-02-2010,374707877,12/25/2010,3243,421.89,364.69,1368189.27,1182689.67,185499.6
Europe,Montenegro,Personal Care,Online,L,8/14/2010,322626245,9/16/2010,1130,81.73,56.67,92354.9,64037.1,28317.8
Europe,Germany,Household,Online,L,10-05-2010,351362788,11/14/2010,4912,668.27,502.54,3282542.24,2468476.48,814065.76
Europe,Estonia,Meat,Offline,H,02-08-2012,640653836,3/18/2012,2562,421.89,364.69,1080882.18,934335.78,146546.4
Europe,Serbia,Clothes,Online,M,09-08-2012,540548217,9/20/2012,9084,109.28,35.84,992699.52,325570.56,667128.96
Sub-Saharan Africa,Madagascar,Baby Food,Offline,C,08-11-2011,821407258,8/19/2011,1516,255.28,159.42,387004.48,241680.72,145323.76
Sub-Saharan Africa,Benin,Beverages,Offline,H,10/28/2012,523904788,11-07-2012,3924,47.45,31.79,186193.8,124743.96,61449.84
Europe,Hungary,Clothes,Online,M,10-11-2013,109027135,10/27/2013,2407,109.28,35.84,263036.96,86266.88,176770.08
Central America and the Caribbean,Cuba,Cosmetics,Online,L,10-06-2016,108073127,10/20/2016,95,437.2,263.33,41534,25016.35,16517.65
Sub-Saharan Africa,Senegal,Fruits,Offline,H,7/28/2017,672654092,7/31/2017,2148,9.33,6.92,20040.84,14864.16,5176.68
Middle East and North Africa,Algeria,Vegetables,Online,M,11-04-2016,224693858,11/25/2016,761,154.06,90.93,117239.66,69197.73,48041.93
Europe,Bosnia and Herzegovina,Personal Care,Online,M,04-12-2016,406428754,05-01-2016,155,81.73,56.67,12668.15,8783.85,3884.3
Central America and the Caribbean,Antigua and Barbuda ,Baby Food,Online,H,11/13/2014,230407607,12/20/2014,1586,255.28,159.42,404874.08,252840.12,152033.96
Asia,Cambodia,Personal Care,Online,H,8/26/2012,129491746,9/22/2012,8340,81.73,56.67,681628.2,472627.8,209000.4
Middle East and North Africa,Oman,Vegetables,Online,C,7/15/2014,606854999,8/15/2014,735,154.06,90.93,113234.1,66833.55,46400.55
North America,United States of America,Baby Food,Offline,L,05-02-2011,885983693,05-04-2011,1118,255.28,159.42,285403.04,178231.56,107171.48
Sub-Saharan Africa,Mauritania,Office Supplies,Offline,L,11-11-2013,260676658,12/17/2013,8871,651.21,524.96,5776883.91,4656920.16,1119963.75
Sub-Saharan Africa,Central African Republic,Cosmetics,Offline,H,4/14/2011,345045220,5/20/2011,5403,437.2,263.33,2362191.6,1422771.99,939419.61
Europe,Albania,Baby Food,Online,H,10-04-2012,123513209,11/21/2012,9158,255.28,159.42,2337854.24,1459968.36,877885.88
Europe,Switzerland,Vegetables,Online,M,5/14/2013,900816953,06-10-2013,609,154.06,90.93,93822.54,55376.37,38446.17
Sub-Saharan Africa,Ghana,Household,Online,M,01-12-2013,452005279,02-02-2013,7261,668.27,502.54,4852308.47,3648942.94,1203365.53
Europe,Austria,Vegetables,Online,H,10-03-2012,672439515,11-12-2012,8650,154.06,90.93,1332619,786544.5,546074.5
Sub-Saharan Africa,Democratic Republic of the Congo,Household,Offline,L,10/23/2010,827793490,11/20/2010,1344,668.27,502.54,898154.88,675413.76,222741.12
Central America and the Caribbean,Dominican Republic,Clothes,Online,L,02-06-2014,704053533,3/28/2014,3941,109.28,35.84,430672.48,141245.44,289427.04
Sub-Saharan Africa,Mauritius ,Baby Food,Offline,H,09-04-2011,157518470,09-04-2011,2070,255.28,159.42,528429.6,329999.4,198430.2
Middle East and North Africa,Libya,Cosmetics,Offline,C,05-12-2016,464799630,6/26/2016,3394,437.2,263.33,1483856.8,893742.02,590114.78
Australia and Oceania,Samoa ,Office Supplies,Online,M,7/19/2015,272820842,8/20/2015,2605,651.21,524.96,1696402.05,1367520.8,328881.25
Middle East and North Africa,Kuwait,Personal Care,Online,H,10/28/2012,548818433,11/24/2012,6425,81.73,56.67,525115.25,364104.75,161010.5
Europe,Hungary,Meat,Online,C,8/25/2016,530341231,9/25/2016,8611,421.89,364.69,3632894.79,3140345.59,492549.2
Sub-Saharan Africa,Senegal,Beverages,Offline,C,10/25/2013,875250566,11-03-2013,4947,47.45,31.79,234735.15,157265.13,77470.02
Europe,Moldova ,Personal Care,Offline,H,02-11-2011,511720263,2/26/2011,8252,81.73,56.67,674435.96,467640.84,206795.12
Sub-Saharan Africa,Eritrea,Beverages,Offline,M,5/27/2016,688236653,6/13/2016,3375,47.45,31.79,160143.75,107291.25,52852.5
Sub-Saharan Africa,Niger,Personal Care,Online,C,02-06-2012,923598563,2/26/2012,2194,81.73,56.67,179315.62,124333.98,54981.64
Central America and the Caribbean,Saint Lucia,Snacks,Online,C,12/25/2011,356917321,02-04-2012,8622,152.58,97.44,1315544.76,840127.68,475417.08
Europe,Sweden,Vegetables,Offline,H,12/13/2011,897616755,1/20/2012,3600,154.06,90.93,554616,327348,227268
Central America and the Caribbean,Jamaica,Baby Food,Online,H,7/20/2016,475433194,8/19/2016,102,255.28,159.42,26038.56,16260.84,9777.72
Central America and the Caribbean,Haiti,Vegetables,Offline,H,6/18/2012,690415465,7/14/2012,8134,154.06,90.93,1253124.04,739624.62,513499.42
Australia and Oceania,Samoa ,Cosmetics,Online,H,2/23/2010,962924897,04-12-2010,9730,437.2,263.33,4253956,2562200.9,1691755.1
Central America and the Caribbean,Dominican Republic,Snacks,Online,M,05-05-2017,783635318,05-09-2017,3960,152.58,97.44,604216.8,385862.4,218354.4
Middle East and North Africa,Tunisia ,Cereal,Online,L,7/23/2012,163533055,8/13/2012,1920,205.7,117.11,394944,224851.2,170092.8
Asia,Taiwan,Beverages,Online,L,01-11-2017,983916938,1/17/2017,1742,47.45,31.79,82657.9,55378.18,27279.72
Middle East and North Africa,Tunisia ,Cereal,Online,H,03-07-2015,246398293,4/14/2015,3585,205.7,117.11,737434.5,419839.35,317595.15
Asia,Sri Lanka,Office Supplies,Offline,C,06-09-2011,422900950,07-05-2011,4644,651.21,524.96,3024219.24,2437914.24,586305
Asia,Indonesia,Office Supplies,Offline,L,4/17/2011,905661237,06-05-2011,4141,651.21,524.96,2696660.61,2173859.36,522801.25
Sub-Saharan Africa,Ethiopia,Clothes,Online,M,07-07-2017,257227981,7/27/2017,8330,109.28,35.84,910302.4,298547.2,611755.2
Sub-Saharan Africa,Swaziland,Snacks,Offline,L,3/22/2011,260462510,04-09-2011,5500,152.58,97.44,839190,535920,303270
Europe,Portugal,Fruits,Offline,L,3/29/2016,968538653,04-06-2016,965,9.33,6.92,9003.45,6677.8,2325.65
Europe,Hungary,Cereal,Online,M,1/14/2012,254942739,02-04-2012,2077,205.7,117.11,427238.9,243237.47,184001.43
Sub-Saharan Africa,Zimbabwe,Beverages,Online,M,3/17/2013,563473594,04-10-2013,3213,47.45,31.79,152456.85,102141.27,50315.58
Europe,Armenia,Personal Care,Online,H,9/15/2012,358242547,11-02-2012,785,81.73,56.67,64158.05,44485.95,19672.1
Asia,North Korea,Meat,Online,L,11/26/2015,873673427,12-06-2015,8237,421.89,364.69,3475107.93,3003951.53,471156.4
Sub-Saharan Africa,Burkina Faso,Meat,Offline,L,02-01-2014,264502561,3/20/2014,1040,421.89,364.69,438765.6,379277.6,59488
Asia,India,Personal Care,Offline,L,12/23/2010,355778777,1/18/2011,1701,81.73,56.67,139022.73,96395.67,42627.06
Sub-Saharan Africa,Sao Tome and Principe,Household,Online,C,05-10-2011,792863404,06-12-2011,4755,668.27,502.54,3177623.85,2389577.7,788046.15
Europe,Armenia,Meat,Offline,C,04-12-2017,391430270,5/22/2017,1770,421.89,364.69,746745.3,645501.3,101244
Europe,Georgia,Clothes,Online,C,9/23/2016,287465703,10/25/2016,6344,109.28,35.84,693272.32,227368.96,465903.36
Europe,Serbia,Cosmetics,Offline,M,02-08-2010,787268531,3/14/2010,9108,437.2,263.33,3982017.6,2398409.64,1583607.96
Australia and Oceania,Tuvalu,Cosmetics,Offline,C,01-10-2014,917450082,02-11-2014,2722,437.2,263.33,1190058.4,716784.26,473274.14
Central America and the Caribbean,Barbados,Vegetables,Online,L,02-03-2012,674934184,02-06-2012,6878,154.06,90.93,1059624.68,625416.54,434208.14
Sub-Saharan Africa,Mali,Cereal,Offline,L,09-06-2011,576957166,10-11-2011,3301,205.7,117.11,679015.7,386580.11,292435.59
Sub-Saharan Africa,Central African Republic,Household,Online,M,6/18/2017,311067855,6/23/2017,746,668.27,502.54,498529.42,374894.84,123634.58
Asia,Sri Lanka,Vegetables,Offline,H,06-10-2012,985127580,6/13/2012,9997,154.06,90.93,1540137.82,909027.21,631110.61
Europe,Bosnia and Herzegovina,Vegetables,Offline,C,10-10-2014,177310168,10/19/2014,8874,154.06,90.93,1367128.44,806912.82,560215.62
Europe,Netherlands,Household,Offline,M,5/19/2013,486101949,06-02-2013,7224,668.27,502.54,4827582.48,3630348.96,1197233.52
Asia,Laos,Office Supplies,Online,C,03-09-2017,980301749,4/27/2017,1927,651.21,524.96,1254881.67,1011597.92,243283.75
Central America and the Caribbean,Honduras,Office Supplies,Online,L,6/18/2013,349020898,6/23/2013,1895,651.21,524.96,1234042.95,994799.2,239243.75
Sub-Saharan Africa,Zambia,Household,Online,M,1/16/2017,951683223,02-01-2017,3069,668.27,502.54,2050920.63,1542295.26,508625.37
Sub-Saharan Africa,Botswana,Snacks,Offline,L,7/18/2013,268025052,8/15/2013,3424,152.58,97.44,522433.92,333634.56,188799.36
Asia,Bhutan,Household,Online,C,2/23/2016,348095214,3/15/2016,7964,668.27,502.54,5322102.28,4002228.56,1319873.72
Sub-Saharan Africa,Zimbabwe,Household,Offline,M,5/17/2016,162255036,07-01-2016,3726,668.27,502.54,2489974.02,1872464.04,617509.98
Sub-Saharan Africa,Lesotho,Personal Care,Offline,L,8/14/2010,551178348,9/15/2010,4776,81.73,56.67,390342.48,270655.92,119686.56
Sub-Saharan Africa,Togo,Household,Offline,H,6/18/2011,175851476,7/20/2011,7214,668.27,502.54,4820899.78,3625323.56,1195576.22
Australia and Oceania,Australia,Meat,Online,M,8/17/2013,467573249,9/17/2013,4170,421.89,364.69,1759281.3,1520757.3,238524
Europe,Luxembourg,Fruits,Offline,L,11/26/2012,677954995,12/25/2012,804,9.33,6.92,7501.32,5563.68,1937.64
Europe,Estonia,Fruits,Offline,H,07-04-2017,128920543,7/17/2017,9308,9.33,6.92,86843.64,64411.36,22432.28
Europe,United Kingdom,Meat,Online,H,12/29/2013,462706220,02-03-2014,3908,421.89,364.69,1648746.12,1425208.52,223537.6
Middle East and North Africa,Morocco,Vegetables,Online,H,6/29/2016,691860854,08-04-2016,5856,154.06,90.93,902175.36,532486.08,369689.28
Europe,United Kingdom,Office Supplies,Offline,M,6/24/2017,349245774,07-10-2017,8440,651.21,524.96,5496212.4,4430662.4,1065550
Australia and Oceania,Papua New Guinea,Beverages,Online,H,4/13/2014,838034808,05-02-2014,1978,47.45,31.79,93856.1,62880.62,30975.48
Australia and Oceania,New Zealand,Personal Care,Offline,M,11-10-2012,481714284,12/27/2012,8816,81.73,56.67,720531.68,499602.72,220928.96
Europe,Austria,Cosmetics,Offline,L,6/17/2016,374083030,7/31/2016,8336,437.2,263.33,3644499.2,2195118.88,1449380.32
Central America and the Caribbean,Saint Kitts and Nevis ,Vegetables,Online,M,3/31/2014,329252374,4/15/2014,1949,154.06,90.93,300262.94,177222.57,123040.37
Asia,Myanmar,Snacks,Online,C,5/17/2015,231646144,5/22/2015,8097,152.58,97.44,1235440.26,788971.68,446468.58
Central America and the Caribbean,Guatemala,Baby Food,Online,M,12-04-2014,486000669,12/27/2014,7253,255.28,159.42,1851545.84,1156273.26,695272.58
Central America and the Caribbean,Antigua and Barbuda ,Vegetables,Offline,C,10/28/2012,667364776,11-09-2012,6922,154.06,90.93,1066403.32,629417.46,436985.86
Middle East and North Africa,Iran,Vegetables,Online,C,1/26/2010,871099793,2/28/2010,6641,154.06,90.93,1023112.46,603866.13,419246.33
Asia,Singapore,Cosmetics,Online,H,07-04-2012,362879550,08-06-2012,2978,437.2,263.33,1301981.6,784196.74,517784.86
Sub-Saharan Africa,Sudan,Baby Food,Offline,M,11/26/2011,728690373,12/17/2011,4529,255.28,159.42,1156163.12,722013.18,434149.94
Europe,Macedonia,Cereal,Online,M,06-10-2012,924831092,7/29/2012,6927,205.7,117.11,1424883.9,811220.97,613662.93
North America,Canada,Office Supplies,Offline,C,10/24/2011,427913033,11/20/2011,7831,651.21,524.96,5099625.51,4110961.76,988663.75
Europe,Malta,Cereal,Online,C,7/16/2012,584860026,7/22/2012,1934,205.7,117.11,397823.8,226490.74,171333.06
Middle East and North Africa,Iraq,Snacks,Online,M,8/28/2010,562908399,8/28/2010,5959,152.58,97.44,909224.22,580644.96,328579.26
Europe,Austria,Personal Care,Offline,C,08-10-2014,499606978,8/22/2014,3662,81.73,56.67,299295.26,207525.54,91769.72
Asia,Thailand,Cereal,Online,M,03-10-2011,152817094,3/16/2011,829,205.7,117.11,170525.3,97084.19,73441.11
Europe,Netherlands,Beverages,Online,M,10-06-2014,250712573,11-11-2014,277,47.45,31.79,13143.65,8805.83,4337.82
Sub-Saharan Africa,Zimbabwe,Clothes,Online,M,6/23/2010,241779744,07-11-2010,6854,109.28,35.84,749005.12,245647.36,503357.76
Central America and the Caribbean,Belize,Cereal,Offline,L,1/13/2011,544817435,1/22/2011,2441,205.7,117.11,502113.7,285865.51,216248.19
Europe,Georgia,Vegetables,Offline,L,1/23/2015,298936975,2/19/2015,949,154.06,90.93,146202.94,86292.57,59910.37
Central America and the Caribbean,Dominica,Beverages,Online,L,11/24/2010,513562190,12/22/2010,3319,47.45,31.79,157486.55,105511.01,51975.54
Europe,Slovakia,Beverages,Online,L,8/27/2010,918429410,9/28/2010,2527,47.45,31.79,119906.15,80333.33,39572.82
Sub-Saharan Africa,Benin,Snacks,Online,M,2/28/2016,413587462,4/17/2016,8576,152.58,97.44,1308526.08,835645.44,472880.64
Central America and the Caribbean,Jamaica,Meat,Online,H,2/25/2015,219397675,4/15/2015,3503,421.89,364.69,1477880.67,1277509.07,200371.6
Middle East and North Africa,Syria,Cosmetics,Offline,L,5/17/2015,726533877,6/27/2015,6374,437.2,263.33,2786712.8,1678465.42,1108247.38
Europe,Bulgaria,Personal Care,Offline,C,6/24/2010,145982396,6/24/2010,8290,81.73,56.67,677541.7,469794.3,207747.4
Australia and Oceania,Tonga,Beverages,Offline,C,2/16/2014,359042060,3/26/2014,7379,47.45,31.79,350133.55,234578.41,115555.14
Europe,Finland,Clothes,Online,L,9/30/2010,167324197,10/27/2010,3803,109.28,35.84,415591.84,136299.52,279292.32
Sub-Saharan Africa,Namibia,Beverages,Online,H,05-03-2012,242752635,06-05-2012,4754,47.45,31.79,225577.3,151129.66,74447.64
Sub-Saharan Africa,Kenya,Baby Food,Offline,H,10/24/2016,877563703,11/23/2016,9456,255.28,159.42,2413927.68,1507475.52,906452.16
Australia and Oceania,Kiribati,Household,Offline,C,10/21/2011,634306228,11/24/2011,4163,668.27,502.54,2782008.01,2092074.02,689933.99
Australia and Oceania,Australia,Fruits,Online,M,4/13/2016,395841538,05-05-2016,7163,9.33,6.92,66830.79,49567.96,17262.83
Sub-Saharan Africa,Eritrea,Office Supplies,Online,L,3/23/2016,215343463,04-02-2016,3771,651.21,524.96,2455712.91,1979624.16,476088.75
Europe,Bulgaria,Fruits,Offline,L,10/20/2013,666298329,11/18/2013,1337,9.33,6.92,12474.21,9252.04,3222.17
Australia and Oceania,Australia,Fruits,Offline,C,1/18/2016,592504966,03-04-2016,4241,9.33,6.92,39568.53,29347.72,10220.81
Sub-Saharan Africa,The Gambia,Office Supplies,Online,H,11/27/2015,258074700,01-07-2016,8894,651.21,524.96,5791861.74,4668994.24,1122867.5
Europe,Latvia,Beverages,Online,C,03-07-2011,897431361,04-09-2011,8738,47.45,31.79,414618.1,277781.02,136837.08
Europe,Bulgaria,Clothes,Online,M,11/18/2015,665311276,11/24/2015,9246,109.28,35.84,1010402.88,331376.64,679026.24
Europe,France,Beverages,Offline,L,01-02-2011,486763274,02-02-2011,2925,47.45,31.79,138791.25,92985.75,45805.5
Middle East and North Africa,United Arab Emirates,Fruits,Offline,M,6/23/2016,907148683,08-02-2016,4309,9.33,6.92,40202.97,29818.28,10384.69
Middle East and North Africa,Kuwait,Personal Care,Online,C,8/23/2011,742141330,8/30/2011,4966,81.73,56.67,405871.18,281423.22,124447.96
Middle East and North Africa,Iran,Personal Care,Offline,M,10-07-2014,227727544,10/25/2014,8496,81.73,56.67,694378.08,481468.32,212909.76
Central America and the Caribbean,Jamaica,Beverages,Online,M,02-10-2011,570206153,3/29/2011,5527,47.45,31.79,262256.15,175703.33,86552.82
Sub-Saharan Africa,Rwanda,Cereal,Offline,M,4/14/2017,796188485,5/13/2017,8721,205.7,117.11,1793909.7,1021316.31,772593.39
North America,United States of America,Household,Online,C,11/23/2016,902598369,01-04-2017,7770,668.27,502.54,5192457.9,3904735.8,1287722.1
Europe,Cyprus,Beverages,Offline,M,4/27/2017,506672132,5/20/2017,4398,47.45,31.79,208685.1,139812.42,68872.68
Middle East and North Africa,Afghanistan,Vegetables,Online,C,8/28/2015,195958602,8/29/2015,7360,154.06,90.93,1133881.6,669244.8,464636.8
Sub-Saharan Africa,Uganda,Cereal,Online,M,1/19/2010,178319108,02-03-2010,7442,205.7,117.11,1530819.4,871532.62,659286.78
Sub-Saharan Africa,Senegal,Vegetables,Offline,C,02-02-2011,731927478,3/18/2011,2461,154.06,90.93,379141.66,223778.73,155362.93
Middle East and North Africa,Afghanistan,Cosmetics,Online,C,04-07-2015,855270040,05-07-2015,2266,437.2,263.33,990695.2,596705.78,393989.42
Europe,Estonia,Personal Care,Offline,M,05-10-2016,517145621,05-12-2016,3736,81.73,56.67,305343.28,211719.12,93624.16
Sub-Saharan Africa,Senegal,Meat,Online,C,10-12-2016,206665551,10/17/2016,5784,421.89,364.69,2440211.76,2109366.96,330844.8
Europe,Vatican City,Beverages,Offline,L,3/24/2016,483253657,4/14/2016,4351,47.45,31.79,206454.95,138318.29,68136.66
Asia,Laos,Vegetables,Online,L,6/16/2015,626646268,7/31/2015,7411,154.06,90.93,1141738.66,673882.23,467856.43
Central America and the Caribbean,Dominican Republic,Clothes,Offline,C,07-03-2012,886892211,07-11-2012,9969,109.28,35.84,1089412.32,357288.96,732123.36
Asia,Nepal,Personal Care,Online,M,1/17/2014,234352815,1/26/2014,9061,81.73,56.67,740555.53,513486.87,227068.66
Australia and Oceania,Palau,Meat,Offline,M,6/16/2016,409701907,7/18/2016,8754,421.89,364.69,3693225.06,3192496.26,500728.8
Europe,Serbia,Snacks,Online,C,03-10-2017,973925817,04-05-2017,5147,152.58,97.44,785329.26,501523.68,283805.58
Europe,Cyprus,Cereal,Offline,H,12/17/2010,658323371,01-12-2011,1370,205.7,117.11,281809,160440.7,121368.3
Asia,Indonesia,Meat,Online,L,4/13/2016,514505898,5/16/2016,2584,421.89,364.69,1090163.76,942358.96,147804.8
Central America and the Caribbean,Dominica,Vegetables,Online,H,1/26/2011,764397227,03-01-2011,981,154.06,90.93,151132.86,89202.33,61930.53
Sub-Saharan Africa,Malawi,Clothes,Offline,M,03-06-2012,350233685,04-06-2012,785,109.28,35.84,85784.8,28134.4,57650.4
Australia and Oceania,East Timor,Snacks,Offline,L,01-07-2011,984564101,1/20/2011,3252,152.58,97.44,496190.16,316874.88,179315.28
Asia,Mongolia,Office Supplies,Offline,C,3/17/2015,400249803,4/21/2015,1666,651.21,524.96,1084915.86,874583.36,210332.5
Sub-Saharan Africa,Kenya,Clothes,Offline,C,07-02-2014,900464618,08-06-2014,6346,109.28,35.84,693490.88,227440.64,466050.24
Europe,Moldova ,Vegetables,Offline,M,11-11-2014,808694875,11/30/2014,9639,154.06,90.93,1484984.34,876474.27,608510.07
Sub-Saharan Africa,Mozambique,Cereal,Offline,H,12/18/2011,318739402,1/17/2012,927,205.7,117.11,190683.9,108560.97,82122.93
Central America and the Caribbean,Saint Kitts and Nevis ,Household,Online,H,02-10-2010,144709527,03-05-2010,1620,668.27,502.54,1082597.4,814114.8,268482.6
Australia and Oceania,Papua New Guinea,Snacks,Online,C,11/22/2010,171029078,01-04-2011,160,152.58,97.44,24412.8,15590.4,8822.4
Sub-Saharan Africa,Guinea,Snacks,Offline,L,12/15/2016,802434384,1/31/2017,7021,152.58,97.44,1071264.18,684126.24,387137.94
Europe,Lithuania,Fruits,Online,L,02-01-2013,713974273,03-04-2013,9708,9.33,6.92,90575.64,67179.36,23396.28
Asia,Tajikistan,Meat,Offline,H,06-06-2015,901010072,06-10-2015,7758,421.89,364.69,3273022.62,2829265.02,443757.6
Central America and the Caribbean,Antigua and Barbuda ,Snacks,Online,L,09-05-2014,629215610,9/19/2014,7736,152.58,97.44,1180358.88,753795.84,426563.04
Middle East and North Africa,Saudi Arabia,Office Supplies,Online,L,03-05-2010,584577214,3/27/2010,8243,651.21,524.96,5367924.03,4327245.28,1040678.75
Asia,Myanmar,Meat,Online,H,09-06-2013,623393714,10-02-2013,4908,421.89,364.69,2070636.12,1789898.52,280737.6
Australia and Oceania,Australia,Baby Food,Online,H,4/22/2015,222276437,5/30/2015,5392,255.28,159.42,1376469.76,859592.64,516877.12
Australia and Oceania,Kiribati,Baby Food,Offline,C,01-03-2010,728149211,01-12-2010,4387,255.28,159.42,1119913.36,699375.54,420537.82
Middle East and North Africa,Pakistan,Vegetables,Offline,C,7/13/2016,408248364,7/16/2016,8618,154.06,90.93,1327689.08,783634.74,544054.34
Europe,Albania,Beverages,Online,C,1/13/2013,300122725,02-04-2013,1839,47.45,31.79,87260.55,58461.81,28798.74
Europe,Norway,Office Supplies,Online,M,08-09-2016,161633622,09-09-2016,9836,651.21,524.96,6405301.56,5163506.56,1241795
Europe,Vatican City,Meat,Offline,H,4/26/2011,720954883,5/30/2011,5426,421.89,364.69,2289175.14,1978807.94,310367.2
Middle East and North Africa,Algeria,Snacks,Online,C,08-06-2012,526572835,9/23/2012,3458,152.58,97.44,527621.64,336947.52,190674.12
Europe,Hungary,Snacks,Online,C,06-10-2010,897286307,07-07-2010,5813,152.58,97.44,886947.54,566418.72,320528.82
Asia,Tajikistan,Baby Food,Offline,L,1/16/2011,972206628,2/27/2011,6401,255.28,159.42,1634047.28,1020447.42,613599.86
Sub-Saharan Africa,Djibouti,Household,Offline,M,4/26/2010,860757625,06-12-2010,6164,668.27,502.54,4119216.28,3097656.56,1021559.72
Europe,Macedonia,Cereal,Offline,H,10/20/2012,292675626,11-02-2012,8076,205.7,117.11,1661233.2,945780.36,715452.84
Sub-Saharan Africa,Lesotho,Meat,Online,C,10-02-2012,868009459,11/21/2012,2143,421.89,364.69,904110.27,781530.67,122579.6
Europe,Denmark,Beverages,Offline,C,1/21/2013,207120454,2/17/2013,400,47.45,31.79,18980,12716,6264
Australia and Oceania,Nauru,Personal Care,Online,H,11/16/2013,500682437,11/21/2013,1914,81.73,56.67,156431.22,108466.38,47964.84
Europe,Moldova ,Vegetables,Offline,M,06-11-2016,859681737,6/19/2016,7785,154.06,90.93,1199357.1,707890.05,491467.05
Australia and Oceania,Australia,Cereal,Online,M,9/13/2011,465417182,10/30/2011,6142,205.7,117.11,1263409.4,719289.62,544119.78
Europe,Slovenia,Meat,Offline,H,05-12-2014,819500100,6/26/2014,7146,421.89,364.69,3014825.94,2606074.74,408751.2
Central America and the Caribbean,Guatemala,Personal Care,Online,C,9/16/2013,793854320,10-03-2013,7989,81.73,56.67,652940.97,452736.63,200204.34
Central America and the Caribbean,Dominican Republic,Clothes,Online,C,3/28/2015,680716168,05-07-2015,7896,109.28,35.84,862874.88,282992.64,579882.24
Middle East and North Africa,Israel,Clothes,Online,C,2/19/2014,842634475,3/17/2014,3121,109.28,35.84,341062.88,111856.64,229206.24
Asia,Brunei,Beverages,Online,L,04-01-2014,362470567,04-05-2014,1950,47.45,31.79,92527.5,61990.5,30537
Asia,Myanmar,Snacks,Online,H,09-05-2016,193398272,10/16/2016,9701,152.58,97.44,1480178.58,945265.44,534913.14
Europe,Croatia,Household,Offline,M,1/16/2016,908903920,1/31/2016,3723,668.27,502.54,2487969.21,1870956.42,617012.79
Australia and Oceania,Tonga,Clothes,Online,C,10/14/2011,452786338,11/29/2011,8394,109.28,35.84,917296.32,300840.96,616455.36
Europe,Belarus,Vegetables,Online,M,01-03-2012,889156854,1/15/2012,127,154.06,90.93,19565.62,11548.11,8017.51
Sub-Saharan Africa,Mali,Meat,Online,L,07-04-2014,752439296,08-07-2014,2363,421.89,364.69,996926.07,861762.47,135163.6
Asia,Bangladesh,Cosmetics,Offline,M,7/29/2010,897369992,09-11-2010,577,437.2,263.33,252264.4,151941.41,100322.99
Sub-Saharan Africa,Djibouti,Office Supplies,Online,H,07-04-2011,448997771,7/17/2011,7273,651.21,524.96,4736250.33,3818034.08,918216.25
Sub-Saharan Africa,Eritrea,Baby Food,Online,H,07-02-2014,852683961,7/28/2014,6987,255.28,159.42,1783641.36,1113867.54,669773.82
Middle East and North Africa,Iran,Snacks,Offline,M,1/18/2014,924102389,1/21/2014,1287,152.58,97.44,196370.46,125405.28,70965.18
Asia,Kyrgyzstan,Meat,Offline,H,04-11-2013,899239385,5/14/2013,3772,421.89,364.69,1591369.08,1375610.68,215758.4
Sub-Saharan Africa,Mauritius ,Snacks,Offline,C,08-02-2012,184393775,09-08-2012,5071,152.58,97.44,773733.18,494118.24,279614.94
Sub-Saharan Africa,Ghana,Cosmetics,Offline,M,06-12-2013,506176888,6/16/2013,7845,437.2,263.33,3429834,2065823.85,1364010.15
Central America and the Caribbean,Dominican Republic,Cosmetics,Offline,M,08-07-2014,961512553,8/15/2014,1786,437.2,263.33,780839.2,470307.38,310531.82
Sub-Saharan Africa,Togo,Baby Food,Offline,L,11-11-2015,267637097,12/21/2015,8619,255.28,159.42,2200258.32,1374040.98,826217.34
Sub-Saharan Africa,Angola,Fruits,Offline,L,4/28/2014,812099349,5/23/2014,7099,9.33,6.92,66233.67,49125.08,17108.59
Sub-Saharan Africa,Ghana,Baby Food,Offline,C,9/15/2015,102760636,9/19/2015,8011,255.28,159.42,2045048.08,1277113.62,767934.46
Europe,Romania,Meat,Online,H,6/13/2015,217794787,6/19/2015,9172,421.89,364.69,3869575.08,3344936.68,524638.4
Sub-Saharan Africa,Zimbabwe,Clothes,Online,C,1/18/2010,155688130,02-10-2010,432,109.28,35.84,47208.96,15482.88,31726.08
Sub-Saharan Africa,Benin,Beverages,Offline,H,12/31/2015,785239493,02-03-2016,8671,47.45,31.79,411438.95,275651.09,135787.86
Middle East and North Africa,Algeria,Clothes,Offline,M,12/30/2012,795560204,02-02-2013,2798,109.28,35.84,305765.44,100280.32,205485.12
Middle East and North Africa,Lebanon,Fruits,Online,H,11/20/2015,746074092,11/24/2015,8758,9.33,6.92,81712.14,60605.36,21106.78
Europe,Vatican City,Cereal,Offline,H,04-09-2010,816517484,5/18/2010,4523,205.7,117.11,930381.1,529688.53,400692.57
Middle East and North Africa,Somalia,Baby Food,Online,H,11/28/2016,356939208,12/21/2016,5098,255.28,159.42,1301417.44,812723.16,488694.28
Europe,Estonia,Household,Offline,L,03-09-2012,137700593,03-10-2012,7520,668.27,502.54,5025390.4,3779100.8,1246289.6
Middle East and North Africa,Libya,Personal Care,Offline,L,3/14/2015,999475467,3/24/2015,5856,81.73,56.67,478610.88,331859.52,146751.36
Asia,Uzbekistan,Cereal,Online,H,10/26/2015,703250157,12/13/2015,6204,205.7,117.11,1276162.8,726550.44,549612.36
Sub-Saharan Africa,Lesotho,Snacks,Online,M,05-05-2016,680323493,6/23/2016,1695,152.58,97.44,258623.1,165160.8,93462.3
Sub-Saharan Africa,Democratic Republic of the Congo,Snacks,Offline,C,7/23/2012,182306802,08-06-2012,7489,152.58,97.44,1142671.62,729728.16,412943.46
Sub-Saharan Africa,Tanzania,Personal Care,Online,L,09-05-2012,331123912,10-08-2012,5779,81.73,56.67,472317.67,327495.93,144821.74
Asia,Vietnam,Cereal,Online,C,11-02-2010,969011151,11-06-2010,788,205.7,117.11,162091.6,92282.68,69808.92
Sub-Saharan Africa,Comoros,Meat,Offline,H,08-03-2013,208517348,8/23/2013,3772,421.89,364.69,1591369.08,1375610.68,215758.4
Sub-Saharan Africa,Comoros,Household,Online,L,5/29/2013,282503831,6/29/2013,8016,668.27,502.54,5356852.32,4028360.64,1328491.68
Central America and the Caribbean,Trinidad and Tobago,Household,Offline,H,03-12-2015,794144427,04-10-2015,3839,668.27,502.54,2565488.53,1929251.06,636237.47
Australia and Oceania,Palau,Fruits,Offline,L,05-03-2017,966925466,5/22/2017,3587,9.33,6.92,33466.71,24822.04,8644.67
Europe,Macedonia,Fruits,Online,L,07-06-2015,994645774,8/19/2015,6643,9.33,6.92,61979.19,45969.56,16009.63
Sub-Saharan Africa,Comoros,Fruits,Offline,C,01-08-2014,691416680,1/16/2014,4415,9.33,6.92,41191.95,30551.8,10640.15
Sub-Saharan Africa,Zambia,Baby Food,Offline,H,6/15/2014,841662013,6/22/2014,5348,255.28,159.42,1365237.44,852578.16,512659.28
Australia and Oceania,Vanuatu,Snacks,Offline,M,11/20/2011,950118100,01-08-2012,9914,152.58,97.44,1512678.12,966020.16,546657.96
Europe,Cyprus,Vegetables,Offline,L,10/28/2013,591833770,11/25/2013,5619,154.06,90.93,865663.14,510935.67,354727.47
Asia,Thailand,Snacks,Offline,L,09-08-2013,762170350,09-12-2013,1999,152.58,97.44,305007.42,194782.56,110224.86
Asia,Kyrgyzstan,Household,Offline,L,4/28/2017,726801669,5/23/2017,5620,668.27,502.54,3755677.4,2824274.8,931402.6
Central America and the Caribbean,Saint Vincent and the Grenadines,Baby Food,Offline,H,6/30/2016,271714055,6/30/2016,5082,255.28,159.42,1297332.96,810172.44,487160.52
Sub-Saharan Africa,Mauritius ,Baby Food,Offline,H,5/25/2015,153206336,6/25/2015,6014,255.28,159.42,1535253.92,958751.88,576502.04
Europe,Hungary,Household,Online,C,9/14/2011,747889840,10-11-2011,6078,668.27,502.54,4061745.06,3054438.12,1007306.94
Europe,Switzerland,Cereal,Online,C,07-11-2015,702688395,8/20/2015,9966,205.7,117.11,2050006.2,1167118.26,882887.94
Europe,Denmark,Baby Food,Offline,L,4/24/2015,984838330,5/28/2015,4402,255.28,159.42,1123742.56,701766.84,421975.72
Europe,Cyprus,Office Supplies,Offline,M,12-09-2011,831888473,12/19/2011,3140,651.21,524.96,2044799.4,1648374.4,396425
Sub-Saharan Africa,Rwanda,Beverages,Offline,L,12-04-2014,901700150,01-07-2015,1967,47.45,31.79,93334.15,62530.93,30803.22
Sub-Saharan Africa,Benin,Vegetables,Online,C,11/30/2015,122447192,12-10-2015,3700,154.06,90.93,570022,336441,233581
Europe,Norway,Cereal,Online,M,03-11-2015,642615926,3/15/2015,3188,205.7,117.11,655771.6,373346.68,282424.92
Middle East and North Africa,Saudi Arabia,Clothes,Offline,M,4/26/2010,181005179,5/19/2010,2310,109.28,35.84,252436.8,82790.4,169646.4
Australia and Oceania,Nauru,Snacks,Online,C,1/27/2015,576726281,03-02-2015,4978,152.58,97.44,759543.24,485056.32,274486.92
Australia and Oceania,Kiribati,Household,Offline,L,3/18/2010,139203059,05-01-2010,2133,668.27,502.54,1425419.91,1071917.82,353502.09
Europe,Lithuania,Office Supplies,Online,H,06-05-2015,398171842,6/27/2015,6751,651.21,524.96,4396318.71,3544004.96,852313.75
Australia and Oceania,Palau,Vegetables,Offline,C,5/25/2017,253681457,6/22/2017,8835,154.06,90.93,1361120.1,803366.55,557753.55
Asia,Sri Lanka,Personal Care,Offline,L,06-08-2011,926093232,07-12-2011,422,81.73,56.67,34490.06,23914.74,10575.32
Sub-Saharan Africa,Djibouti,Fruits,Online,C,11-07-2012,106080996,12/25/2012,579,9.33,6.92,5402.07,4006.68,1395.39
Central America and the Caribbean,Guatemala,Cosmetics,Offline,H,4/24/2015,504631078,06-07-2015,405,437.2,263.33,177066,106648.65,70417.35
Sub-Saharan Africa,Zimbabwe,Office Supplies,Online,H,4/26/2017,403042304,5/29/2017,8029,651.21,524.96,5228565.09,4214903.84,1013661.25
Sub-Saharan Africa,Comoros,Meat,Offline,H,11/16/2010,402926003,12/27/2010,3613,421.89,364.69,1524288.57,1317624.97,206663.6
Europe,Netherlands,Office Supplies,Online,C,7/22/2015,276206004,8/21/2015,4349,651.21,524.96,2832112.29,2283051.04,549061.25
Europe,Portugal,Clothes,Online,H,2/17/2014,315118634,3/16/2014,9461,109.28,35.84,1033898.08,339082.24,694815.84
Europe,Spain,Baby Food,Online,M,12-11-2016,882212722,1/26/2017,5204,255.28,159.42,1328477.12,829621.68,498855.44
Middle East and North Africa,Egypt,Clothes,Offline,H,09-07-2012,160349595,9/21/2012,9863,109.28,35.84,1077828.64,353489.92,724338.72
Europe,Slovenia,Vegetables,Online,C,1/14/2010,902703082,03-05-2010,8757,154.06,90.93,1349103.42,796274.01,552829.41
Europe,Ireland,Cosmetics,Online,M,03-07-2011,982759511,04-06-2011,9233,437.2,263.33,4036667.6,2431325.89,1605341.71
Asia,Taiwan,Meat,Online,H,7/27/2015,144317710,8/19/2015,5672,421.89,364.69,2392960.08,2068521.68,324438.4
Sub-Saharan Africa,Swaziland,Meat,Offline,C,2/25/2016,451489007,03-07-2016,4485,421.89,364.69,1892176.65,1635634.65,256542
Europe,Armenia,Fruits,Online,M,9/25/2010,438697230,10-07-2010,9114,9.33,6.92,85033.62,63068.88,21964.74
Sub-Saharan Africa,The Gambia,Clothes,Offline,L,4/26/2013,960678708,05-06-2013,5033,109.28,35.84,550006.24,180382.72,369623.52
Middle East and North Africa,Iran,Cereal,Online,C,6/23/2012,242482268,7/17/2012,4747,205.7,117.11,976457.9,555921.17,420536.73
Europe,Andorra,Baby Food,Online,M,12/29/2012,629469239,02-07-2013,2791,255.28,159.42,712486.48,444941.22,267545.26
Middle East and North Africa,Morocco,Vegetables,Online,C,12-06-2016,937313449,01-03-2017,734,154.06,90.93,113080.04,66742.62,46337.42
Asia,Bhutan,Clothes,Online,H,04-05-2012,502001225,05-01-2012,2173,109.28,35.84,237465.44,77880.32,159585.12
Asia,Mongolia,Beverages,Online,M,7/15/2014,529831397,7/21/2014,7739,47.45,31.79,367215.55,246022.81,121192.74
Sub-Saharan Africa,Eritrea,Office Supplies,Offline,L,1/29/2010,947415292,02-05-2010,93,651.21,524.96,60562.53,48821.28,11741.25
Sub-Saharan Africa,Central African Republic,Clothes,Offline,M,10-11-2012,851676738,10/14/2012,8928,109.28,35.84,975651.84,319979.52,655672.32
North America,Greenland,Fruits,Offline,H,11/16/2014,759852063,12/21/2014,5966,9.33,6.92,55662.78,41284.72,14378.06
Middle East and North Africa,Somalia,Vegetables,Online,C,6/17/2013,359490096,7/14/2013,9963,154.06,90.93,1534899.78,905935.59,628964.19
Sub-Saharan Africa,Cameroon,Cereal,Online,L,04-06-2014,758452165,4/27/2014,1705,205.7,117.11,350718.5,199672.55,151045.95
Asia,Uzbekistan,Beverages,Online,L,9/16/2012,434912097,11-02-2012,9009,47.45,31.79,427477.05,286396.11,141080.94
Sub-Saharan Africa,Ethiopia,Personal Care,Offline,H,11/16/2012,187356221,12/30/2012,1724,81.73,56.67,140902.52,97699.08,43203.44
Asia,Kyrgyzstan,Office Supplies,Online,H,02-12-2016,884583365,3/28/2016,6730,651.21,524.96,4382643.3,3532980.8,849662.5
Europe,United Kingdom,Cosmetics,Online,M,04-06-2017,315704858,5/17/2017,2938,437.2,263.33,1284493.6,773663.54,510830.06
Australia and Oceania,Marshall Islands,Snacks,Offline,C,01-06-2016,840144526,1/21/2016,6290,152.58,97.44,959728.2,612897.6,346830.6
Asia,North Korea,Baby Food,Online,L,2/16/2013,837638700,2/28/2013,4760,255.28,159.42,1215132.8,758839.2,456293.6
Australia and Oceania,Nauru,Meat,Offline,L,3/20/2014,558236205,04-05-2014,3353,421.89,364.69,1414597.17,1222805.57,191791.6
Central America and the Caribbean,Saint Lucia,Beverages,Online,H,10/20/2010,772298371,11-11-2010,9105,47.45,31.79,432032.25,289447.95,142584.3
Europe,Ukraine,Snacks,Offline,C,5/31/2014,520499026,6/17/2014,6083,152.58,97.44,928144.14,592727.52,335416.62
Sub-Saharan Africa,Sao Tome and Principe,Personal Care,Offline,M,12-03-2014,263824498,1/19/2015,387,81.73,56.67,31629.51,21931.29,9698.22
Europe,Bulgaria,Clothes,Offline,C,8/16/2014,533573615,10-05-2014,5145,109.28,35.84,562245.6,184396.8,377848.8
Europe,Romania,Office Supplies,Online,M,11/18/2016,581357705,12/13/2016,5519,651.21,524.96,3594027.99,2897254.24,696773.75
Middle East and North Africa,Yemen,Cereal,Online,H,10-06-2014,629100596,10/15/2014,3701,205.7,117.11,761295.7,433424.11,327871.59
North America,United States of America,Household,Offline,L,7/17/2017,519038617,7/23/2017,3916,668.27,502.54,2616945.32,1967946.64,648998.68
Central America and the Caribbean,Antigua and Barbuda ,Vegetables,Offline,H,8/19/2016,163720595,8/22/2016,7417,154.06,90.93,1142663.02,674427.81,468235.21
Europe,Latvia,Cereal,Offline,C,1/30/2012,896007859,02-04-2012,7492,205.7,117.11,1541104.4,877388.12,663716.28
Central America and the Caribbean,El Salvador,Snacks,Online,M,05-11-2016,519074237,05-12-2016,4457,152.58,97.44,680049.06,434290.08,245758.98
Central America and the Caribbean,The Bahamas,Office Supplies,Online,M,9/17/2012,956406056,11-04-2012,660,651.21,524.96,429798.6,346473.6,83325
Asia,Maldives,Personal Care,Online,L,12/16/2011,601802146,1/21/2012,5483,81.73,56.67,448125.59,310721.61,137403.98
Sub-Saharan Africa,Nigeria,Baby Food,Online,H,10/30/2010,169373834,11/21/2010,336,255.28,159.42,85774.08,53565.12,32208.96
Sub-Saharan Africa,Zimbabwe,Vegetables,Online,L,12-01-2010,443544948,12-01-2010,3661,154.06,90.93,564013.66,332894.73,231118.93
Europe,Armenia,Baby Food,Online,M,11-12-2014,929051816,12-11-2014,5933,255.28,159.42,1514576.24,945838.86,568737.38
Europe,Belarus,Personal Care,Online,C,1/13/2015,300943267,1/15/2015,4655,81.73,56.67,380453.15,263798.85,116654.3
Middle East and North Africa,Kuwait,Office Supplies,Online,M,06-03-2012,454580628,07-05-2012,9365,651.21,524.96,6098581.65,4916250.4,1182331.25
Central America and the Caribbean,Panama,Clothes,Online,H,11/13/2012,655637729,11/26/2012,6628,109.28,35.84,724307.84,237547.52,486760.32
Asia,Turkmenistan,Clothes,Online,C,9/20/2015,690100896,9/27/2015,5046,109.28,35.84,551426.88,180848.64,370578.24
Central America and the Caribbean,Guatemala,Clothes,Online,L,01-04-2010,414268958,1/18/2010,246,109.28,35.84,26882.88,8816.64,18066.24
Sub-Saharan Africa,Sudan,Meat,Online,L,2/22/2016,204753243,04-06-2016,9890,421.89,364.69,4172492.1,3606784.1,565708
Middle East and North Africa,Afghanistan,Vegetables,Offline,M,12-09-2013,508477580,1/27/2014,8670,154.06,90.93,1335700.2,788363.1,547337.1
Europe,Sweden,Snacks,Online,C,7/24/2014,492678296,09-05-2014,3311,152.58,97.44,505192.38,322623.84,182568.54
Europe,Moldova ,Cereal,Offline,H,4/26/2011,294904220,5/22/2011,7567,205.7,117.11,1556531.9,886171.37,670360.53
Europe,Belgium,Personal Care,Offline,C,9/19/2013,573016679,10-04-2013,7224,81.73,56.67,590417.52,409384.08,181033.44
Sub-Saharan Africa,South Africa,Fruits,Online,H,5/30/2013,255189502,6/13/2013,5099,9.33,6.92,47573.67,35285.08,12288.59
Sub-Saharan Africa,Mauritania,Meat,Online,M,09-07-2010,589909017,10/17/2010,6042,421.89,364.69,2549059.38,2203456.98,345602.4
Middle East and North Africa,Azerbaijan,Beverages,Online,H,09-02-2010,195974051,10/20/2010,1932,47.45,31.79,91673.4,61418.28,30255.12
Sub-Saharan Africa,Sao Tome and Principe,Snacks,Online,M,01-01-2012,912495934,01-05-2012,6680,152.58,97.44,1019234.4,650899.2,368335.2
Middle East and North Africa,Libya,Clothes,Online,C,7/30/2010,148898494,8/17/2010,1228,109.28,35.84,134195.84,44011.52,90184.32
Europe,Portugal,Beverages,Online,M,12/13/2010,334918057,12/22/2010,8551,47.45,31.79,405744.95,271836.29,133908.66
Middle East and North Africa,Lebanon,Office Supplies,Online,H,12-09-2014,370603454,1/14/2015,8652,651.21,524.96,5634268.92,4541953.92,1092315
Australia and Oceania,Marshall Islands,Meat,Online,L,4/14/2010,576316010,05-02-2010,3569,421.89,364.69,1505725.41,1301578.61,204146.8
Central America and the Caribbean,Barbados,Cosmetics,Online,C,4/20/2012,442729556,05-08-2012,2369,437.2,263.33,1035726.8,623828.77,411898.03
Sub-Saharan Africa,Sao Tome and Principe,Fruits,Offline,H,8/26/2014,880830419,09-02-2014,6150,9.33,6.92,57379.5,42558,14821.5
Australia and Oceania,Samoa ,Beverages,Offline,M,11-02-2015,171917426,12/21/2015,3042,47.45,31.79,144342.9,96705.18,47637.72
Australia and Oceania,Tonga,Household,Online,M,06-09-2015,717601907,6/24/2015,3206,668.27,502.54,2142473.62,1611143.24,531330.38
Europe,France,Meat,Online,M,4/21/2010,489807689,05-12-2010,3835,421.89,364.69,1617948.15,1398586.15,219362
Europe,Liechtenstein,Snacks,Online,L,07-02-2013,680771100,8/14/2013,4152,152.58,97.44,633512.16,404570.88,228941.28
Sub-Saharan Africa,South Africa,Meat,Online,C,8/26/2012,753040969,10-09-2012,412,421.89,364.69,173818.68,150252.28,23566.4
Europe,Kosovo,Clothes,Offline,C,08-06-2011,689478623,08-08-2011,901,109.28,35.84,98461.28,32291.84,66169.44
Australia and Oceania,Palau,Cereal,Online,C,06-10-2011,543257892,7/16/2011,937,205.7,117.11,192740.9,109732.07,83008.83
Europe,Sweden,Beverages,Offline,L,5/13/2014,887865102,06-04-2014,7869,47.45,31.79,373384.05,250155.51,123228.54
Europe,Bosnia and Herzegovina,Office Supplies,Online,L,04-02-2012,567099082,05-02-2012,6075,651.21,524.96,3956100.75,3189132,766968.75
Central America and the Caribbean,Antigua and Barbuda ,Snacks,Offline,C,3/14/2013,745071160,4/22/2013,1968,152.58,97.44,300277.44,191761.92,108515.52
Sub-Saharan Africa,Mauritius ,Cosmetics,Online,L,01-02-2015,856205165,1/22/2015,8990,437.2,263.33,3930428,2367336.7,1563091.3
Central America and the Caribbean,Costa Rica,Personal Care,Online,M,7/13/2016,855237424,7/17/2016,2614,81.73,56.67,213642.22,148135.38,65506.84
Sub-Saharan Africa,Burundi,Beverages,Offline,C,12-04-2013,767216765,12/17/2013,5345,47.45,31.79,253620.25,169917.55,83702.7
Sub-Saharan Africa,Sudan,Cereal,Offline,C,12/19/2011,237504518,1/20/2012,1719,205.7,117.11,353598.3,201312.09,152286.21
Europe,Croatia,Baby Food,Online,C,9/17/2012,781774508,10/18/2012,3305,255.28,159.42,843700.4,526883.1,316817.3
Asia,Cambodia,Cereal,Online,L,9/20/2011,836013066,11-06-2011,3699,205.7,117.11,760884.3,433189.89,327694.41
Europe,Liechtenstein,Fruits,Online,M,12/16/2016,706519019,12/19/2016,3533,9.33,6.92,32962.89,24448.36,8514.53
Sub-Saharan Africa,Lesotho,Beverages,Online,H,10-04-2014,319903695,11-11-2014,5467,47.45,31.79,259409.15,173795.93,85613.22
Sub-Saharan Africa,Sierra Leone,Household,Online,M,06-06-2011,573090922,07-02-2011,9194,668.27,502.54,6144074.38,4620352.76,1523721.62
Middle East and North Africa,Somalia,Clothes,Online,C,5/13/2014,183317029,5/20/2014,6437,109.28,35.84,703435.36,230702.08,472733.28
Sub-Saharan Africa,Sudan,Personal Care,Online,M,1/27/2013,638130843,02-03-2013,5952,81.73,56.67,486456.96,337299.84,149157.12
Sub-Saharan Africa,Botswana,Office Supplies,Online,L,4/16/2013,345393693,05-03-2013,8524,651.21,524.96,5550914.04,4474759.04,1076155
Sub-Saharan Africa,South Africa,Office Supplies,Online,M,06-11-2010,483279407,6/26/2010,1971,651.21,524.96,1283534.91,1034696.16,248838.75
Central America and the Caribbean,Saint Kitts and Nevis ,Household,Offline,C,03-07-2016,950274312,4/20/2016,6141,668.27,502.54,4103846.07,3086098.14,1017747.93
Europe,United Kingdom,Cosmetics,Offline,L,9/14/2016,815177237,10/16/2016,7914,437.2,263.33,3460000.8,2083993.62,1376007.18
Australia and Oceania,Marshall Islands,Snacks,Online,L,06-06-2014,567099511,07-01-2014,6202,152.58,97.44,946301.16,604322.88,341978.28
Sub-Saharan Africa,Eritrea,Personal Care,Online,C,8/14/2016,765464961,8/17/2016,6947,81.73,56.67,567778.31,393686.49,174091.82
Central America and the Caribbean,Panama,Cereal,Offline,L,6/18/2016,690009915,07-01-2016,8122,205.7,117.11,1670695.4,951167.42,719527.98
Sub-Saharan Africa,Democratic Republic of the Congo,Cosmetics,Offline,M,12/29/2011,590783202,02-04-2012,4733,437.2,263.33,2069267.6,1246340.89,822926.71
Asia,Brunei,Vegetables,Offline,C,6/17/2017,338146150,07-08-2017,3815,154.06,90.93,587738.9,346897.95,240840.95
Sub-Saharan Africa,Sudan,Fruits,Offline,C,02-05-2014,772772586,02-06-2014,9436,9.33,6.92,88037.88,65297.12,22740.76
Central America and the Caribbean,Jamaica,Fruits,Offline,M,07-01-2014,555648839,7/26/2014,7694,9.33,6.92,71785.02,53242.48,18542.54
Sub-Saharan Africa,Togo,Snacks,Online,L,5/19/2013,218073737,6/17/2013,1720,152.58,97.44,262437.6,167596.8,94840.8
Europe,Andorra,Fruits,Offline,M,02-08-2014,811658608,2/21/2014,6674,9.33,6.92,62268.42,46184.08,16084.34
Sub-Saharan Africa,Central African Republic,Clothes,Online,H,4/27/2017,758327281,05-11-2017,4749,109.28,35.84,518970.72,170204.16,348766.56
Asia,Cambodia,Office Supplies,Online,C,2/23/2017,800316083,3/31/2017,169,651.21,524.96,110054.49,88718.24,21336.25
Europe,Poland,Office Supplies,Offline,M,7/30/2012,850173842,8/15/2012,4188,651.21,524.96,2727267.48,2198532.48,528735
Middle East and North Africa,Afghanistan,Household,Offline,M,3/25/2011,440761888,04-01-2011,92,668.27,502.54,61480.84,46233.68,15247.16
Central America and the Caribbean,El Salvador,Cosmetics,Online,H,06-04-2010,975254046,06-06-2010,8200,437.2,263.33,3585040,2159306,1425734
Middle East and North Africa,Oman,Household,Online,H,2/19/2016,777136647,2/22/2016,858,668.27,502.54,573375.66,431179.32,142196.34
Sub-Saharan Africa,Madagascar,Cereal,Offline,C,6/14/2016,940208518,6/19/2016,7449,205.7,117.11,1532259.3,872352.39,659906.91
Asia,India,Beverages,Online,L,09-08-2015,378580987,9/21/2015,9382,47.45,31.79,445175.9,298253.78,146922.12
Australia and Oceania,Tonga,Snacks,Offline,L,06-04-2015,776677882,6/25/2015,5100,152.58,97.44,778158,496944,281214
Central America and the Caribbean,Panama,Office Supplies,Offline,L,9/29/2010,739235532,11-05-2010,5076,651.21,524.96,3305541.96,2664696.96,640845
Europe,Denmark,Cereal,Offline,L,9/19/2016,741302764,9/25/2016,6816,205.7,117.11,1402051.2,798221.76,603829.44
Europe,Denmark,Cosmetics,Offline,L,8/18/2011,878240907,9/25/2011,9856,437.2,263.33,4309043.2,2595380.48,1713662.72
Middle East and North Africa,Yemen,Baby Food,Offline,L,6/17/2016,415723788,7/17/2016,762,255.28,159.42,194523.36,121478.04,73045.32
Sub-Saharan Africa,Botswana,Clothes,Online,C,5/31/2015,939737737,7/13/2015,8134,109.28,35.84,888883.52,291522.56,597360.96
Europe,Portugal,Personal Care,Offline,H,09-01-2012,506581580,9/26/2012,7602,81.73,56.67,621311.46,430805.34,190506.12
Europe,Poland,Personal Care,Online,C,6/27/2013,392866647,08-06-2013,6826,81.73,56.67,557888.98,386829.42,171059.56
Sub-Saharan Africa,Sao Tome and Principe,Clothes,Online,M,10/28/2012,145516765,12-03-2012,499,109.28,35.84,54530.72,17884.16,36646.56
Sub-Saharan Africa,Equatorial Guinea,Beverages,Offline,M,4/14/2014,731768262,5/13/2014,5345,47.45,31.79,253620.25,169917.55,83702.7
Central America and the Caribbean,Grenada,Beverages,Offline,M,03-02-2011,489169967,3/22/2011,5118,47.45,31.79,242849.1,162701.22,80147.88
Sub-Saharan Africa,Mauritania,Meat,Offline,C,12/24/2012,975583207,1/18/2013,5605,421.89,364.69,2364693.45,2044087.45,320606
Asia,Uzbekistan,Office Supplies,Offline,L,5/20/2011,219181811,07-07-2011,9624,651.21,524.96,6267245.04,5052215.04,1215030
Middle East and North Africa,Saudi Arabia,Cereal,Online,L,3/23/2014,368452107,3/26/2014,2021,205.7,117.11,415719.7,236679.31,179040.39
Middle East and North Africa,Afghanistan,Fruits,Online,H,07-01-2011,942192924,8/20/2011,4679,9.33,6.92,43655.07,32378.68,11276.39
Sub-Saharan Africa,Mali,Cereal,Online,H,12/22/2016,179515588,12/25/2016,1507,205.7,117.11,309989.9,176484.77,133505.13
North America,Mexico,Cosmetics,Online,L,06-02-2011,889843928,6/23/2011,3448,437.2,263.33,1507465.6,907961.84,599503.76
Central America and the Caribbean,Costa Rica,Personal Care,Online,H,07-09-2014,102914273,08-02-2014,3475,81.73,56.67,284011.75,196928.25,87083.5
Europe,Switzerland,Household,Offline,L,12/14/2012,318775451,01-03-2013,1595,668.27,502.54,1065890.65,801551.3,264339.35
Sub-Saharan Africa,Nigeria,Meat,Online,H,03-08-2017,957788789,04-08-2017,9842,421.89,364.69,4152241.38,3589278.98,562962.4
Europe,Romania,Cosmetics,Online,M,3/23/2012,610628116,04-08-2012,7284,437.2,263.33,3184564.8,1918095.72,1266469.08
Middle East and North Africa,Azerbaijan,Meat,Offline,L,6/18/2014,188279759,08-07-2014,5020,421.89,364.69,2117887.8,1830743.8,287144
Asia,Nepal,Personal Care,Online,C,10/30/2014,672042548,12-11-2014,1179,81.73,56.67,96359.67,66813.93,29545.74
Europe,Czech Republic,Cereal,Online,C,11/23/2012,863527810,12-10-2012,5923,205.7,117.11,1218361.1,693642.53,524718.57
Europe,Croatia,Clothes,Online,C,02-04-2013,534659373,3/17/2013,6445,109.28,35.84,704309.6,230988.8,473320.8
Europe,Latvia,Cosmetics,Offline,M,05-05-2013,877673566,06-10-2013,1967,437.2,263.33,859972.4,517970.11,342002.29
Europe,Bulgaria,Cosmetics,Online,C,5/28/2016,455119216,6/17/2016,8745,437.2,263.33,3823314,2302820.85,1520493.15
Sub-Saharan Africa,Botswana,Beverages,Online,H,12/24/2010,149857652,01-12-2011,5064,47.45,31.79,240286.8,160984.56,79302.24
Europe,Spain,Cereal,Online,H,4/25/2013,915062701,4/25/2013,6243,205.7,117.11,1284185.1,731117.73,553067.37
Sub-Saharan Africa,Cape Verde,Snacks,Online,H,6/13/2010,624220693,7/26/2010,9629,152.58,97.44,1469192.82,938249.76,530943.06
Central America and the Caribbean,The Bahamas,Meat,Offline,L,12/25/2016,821130454,01-07-2017,9604,421.89,364.69,4051831.56,3502482.76,549348.8
Europe,Albania,Vegetables,Online,H,9/20/2010,869903314,11-04-2010,2577,154.06,90.93,397012.62,234326.61,162686.01
Europe,Macedonia,Vegetables,Offline,H,03-05-2012,204963099,03-09-2012,1991,154.06,90.93,306733.46,181041.63,125691.83
Europe,Poland,Personal Care,Online,H,8/24/2012,581046140,9/19/2012,3320,81.73,56.67,271343.6,188144.4,83199.2
Middle East and North Africa,Tunisia ,Baby Food,Online,H,11-05-2015,223201262,12-06-2015,9068,255.28,159.42,2314879.04,1445620.56,869258.48
North America,United States of America,Office Supplies,Offline,L,5/30/2011,576789796,5/31/2011,3773,651.21,524.96,2457015.33,1980674.08,476341.25
Europe,Serbia,Snacks,Offline,H,7/16/2016,457485568,7/27/2016,9001,152.58,97.44,1373372.58,877057.44,496315.14
Asia,Myanmar,Household,Online,M,8/26/2011,101274907,10-11-2011,8350,668.27,502.54,5580054.5,4196209,1383845.5
Sub-Saharan Africa,Liberia,Clothes,Offline,L,4/13/2012,714456641,05-12-2012,2452,109.28,35.84,267954.56,87879.68,180074.88
Sub-Saharan Africa,Tanzania,Personal Care,Online,H,05-02-2012,423642098,6/19/2012,3966,81.73,56.67,324141.18,224753.22,99387.96
Asia,Philippines,Household,Offline,C,7/22/2010,125755107,8/19/2010,2586,668.27,502.54,1728146.22,1299568.44,428577.78
Asia,Bangladesh,Vegetables,Offline,C,4/28/2014,338031995,05-05-2014,34,154.06,90.93,5238.04,3091.62,2146.42
Central America and the Caribbean,Dominica,Cereal,Online,H,2/27/2013,748021590,3/14/2013,5066,205.7,117.11,1042076.2,593279.26,448796.94
Sub-Saharan Africa,Democratic Republic of the Congo,Beverages,Offline,H,10/16/2012,663585221,11/26/2012,8468,47.45,31.79,401806.6,269197.72,132608.88
Sub-Saharan Africa,Botswana,Cosmetics,Online,L,3/23/2016,362896716,04-03-2016,8058,437.2,263.33,3522957.6,2121913.14,1401044.46
Central America and the Caribbean,El Salvador,Snacks,Offline,C,5/20/2012,644442403,06-10-2012,3683,152.58,97.44,561952.14,358871.52,203080.62
Asia,Japan,Cereal,Online,M,03-12-2010,577021110,4/30/2010,2224,205.7,117.11,457476.8,260452.64,197024.16
Europe,Monaco,Personal Care,Offline,H,1/25/2012,649744164,03-03-2012,2592,81.73,56.67,211844.16,146888.64,64955.52
Central America and the Caribbean,Guatemala,Meat,Offline,M,2/14/2010,522035396,03-07-2010,729,421.89,364.69,307557.81,265859.01,41698.8
Europe,Armenia,Vegetables,Offline,C,09-11-2012,373631131,10/24/2012,4609,154.06,90.93,710062.54,419096.37,290966.17
Central America and the Caribbean,The Bahamas,Baby Food,Online,L,3/31/2010,454580199,05-06-2010,9238,255.28,159.42,2358276.64,1472721.96,885554.68
Europe,Montenegro,Baby Food,Offline,C,01-08-2017,635243928,2/26/2017,1650,255.28,159.42,421212,263043,158169
Europe,Croatia,Beverages,Offline,C,04-05-2014,856296145,4/19/2014,5913,47.45,31.79,280571.85,187974.27,92597.58
Europe,Portugal,Cereal,Online,M,7/19/2014,678723180,8/19/2014,8126,205.7,117.11,1671518.2,951635.86,719882.34
Central America and the Caribbean,Antigua and Barbuda ,Cosmetics,Online,C,08-10-2012,633823859,9/15/2012,1420,437.2,263.33,620824,373928.6,246895.4
Middle East and North Africa,Afghanistan,Cosmetics,Offline,L,10/21/2011,873209512,11/19/2011,954,437.2,263.33,417088.8,251216.82,165871.98
Middle East and North Africa,Kuwait,Personal Care,Offline,M,10-10-2012,718803966,11/27/2012,8922,81.73,56.67,729195.06,505609.74,223585.32
North America,United States of America,Vegetables,Offline,H,3/24/2017,912843549,05-07-2017,9546,154.06,90.93,1470656.76,868017.78,602638.98
Europe,Malta,Household,Offline,H,7/26/2016,467877089,08-01-2016,4083,668.27,502.54,2728546.41,2051870.82,676675.59
Australia and Oceania,New Zealand,Office Supplies,Offline,H,11-06-2010,716765916,12/14/2010,5817,651.21,524.96,3788088.57,3053692.32,734396.25
Sub-Saharan Africa,Angola,Clothes,Offline,H,7/15/2012,362683856,8/15/2012,5067,109.28,35.84,553721.76,181601.28,372120.48
Australia and Oceania,Kiribati,Fruits,Offline,M,6/15/2012,429117238,7/24/2012,4182,9.33,6.92,39018.06,28939.44,10078.62
Central America and the Caribbean,Dominica,Clothes,Offline,M,11-05-2013,209864890,11-08-2013,2539,109.28,35.84,277461.92,90997.76,186464.16
Europe,Armenia,Baby Food,Online,L,06-11-2013,419038140,7/14/2013,1553,255.28,159.42,396449.84,247579.26,148870.58
Asia,Taiwan,Personal Care,Offline,C,10/31/2012,941060817,11/20/2012,9663,81.73,56.67,789756.99,547602.21,242154.78
Asia,Kazakhstan,Baby Food,Online,H,09-01-2014,380669248,9/24/2014,7345,255.28,159.42,1875031.6,1170939.9,704091.7
Europe,Monaco,Clothes,Offline,L,4/21/2011,112912261,5/29/2011,2102,109.28,35.84,229706.56,75335.68,154370.88
Europe,Vatican City,Cereal,Offline,H,4/23/2011,233151185,5/15/2011,3472,205.7,117.11,714190.4,406605.92,307584.48
Australia and Oceania,Palau,Office Supplies,Online,L,12/14/2012,907059848,01-08-2013,8021,651.21,524.96,5223355.41,4210704.16,1012651.25
Europe,Albania,Beverages,Offline,M,7/31/2015,120624577,08-05-2015,4348,47.45,31.79,206312.6,138222.92,68089.68
Europe,Ireland,Clothes,Online,H,10/20/2015,430144202,11-03-2015,8083,109.28,35.84,883310.24,289694.72,593615.52
Asia,Nepal,Snacks,Online,M,4/21/2011,412230050,05-03-2011,6887,152.58,97.44,1050818.46,671069.28,379749.18
Central America and the Caribbean,Haiti,Office Supplies,Online,M,03-09-2012,513805949,03-10-2012,5453,651.21,524.96,3551048.13,2862606.88,688441.25
Asia,India,Cereal,Online,H,6/25/2014,802108228,08-08-2014,504,205.7,117.11,103672.8,59023.44,44649.36
Sub-Saharan Africa,Niger,Baby Food,Offline,L,6/28/2011,514685714,08-10-2011,5795,255.28,159.42,1479347.6,923838.9,555508.7
Europe,Kosovo,Personal Care,Offline,C,9/20/2012,309399735,10-02-2012,7112,81.73,56.67,581263.76,403037.04,178226.72
Europe,Romania,Clothes,Offline,M,5/26/2017,914424121,06-03-2017,7273,109.28,35.84,794793.44,260664.32,534129.12
Sub-Saharan Africa,Democratic Republic of the Congo,Beverages,Offline,H,8/31/2010,878245198,10/16/2010,1126,47.45,31.79,53428.7,35795.54,17633.16
Middle East and North Africa,Kuwait,Household,Offline,M,10/17/2012,619661796,11/16/2012,550,668.27,502.54,367548.5,276397,91151.5
Sub-Saharan Africa,Mozambique,Meat,Online,M,11-06-2014,177785241,12-06-2014,9458,421.89,364.69,3990235.62,3449238.02,540997.6
Australia and Oceania,Kiribati,Household,Offline,L,9/24/2012,562039363,9/26/2012,8792,668.27,502.54,5875429.84,4418331.68,1457098.16
Sub-Saharan Africa,Gabon,Office Supplies,Offline,H,12/28/2010,602160489,1/15/2011,1525,651.21,524.96,993095.25,800564,192531.25
Sub-Saharan Africa,South Africa,Cosmetics,Online,M,06-11-2011,998197448,7/15/2011,7662,437.2,263.33,3349826.4,2017634.46,1332191.94
Sub-Saharan Africa,Malawi,Clothes,Online,C,12/24/2016,270511567,1/15/2017,9239,109.28,35.84,1009637.92,331125.76,678512.16
Europe,Moldova ,Office Supplies,Offline,H,8/15/2012,609776675,9/28/2012,5324,651.21,524.96,3467042.04,2794887.04,672155
North America,Canada,Baby Food,Online,M,10-01-2014,226979100,10/20/2014,7015,255.28,159.42,1790789.2,1118331.3,672457.9
Europe,Andorra,Meat,Offline,L,4/17/2014,103417670,4/30/2014,2442,421.89,364.69,1030255.38,890572.98,139682.4
Sub-Saharan Africa,Djibouti,Personal Care,Offline,L,10/31/2010,840703713,12/18/2010,1766,81.73,56.67,144335.18,100079.22,44255.96
Europe,Finland,Cosmetics,Online,C,05-12-2016,410761058,6/19/2016,2180,437.2,263.33,953096,574059.4,379036.6
Europe,Poland,Clothes,Online,M,8/28/2013,905826032,09-05-2013,2907,109.28,35.84,317676.96,104186.88,213490.08
Sub-Saharan Africa,Mali,Baby Food,Offline,H,1/23/2013,888447463,2/16/2013,202,255.28,159.42,51566.56,32202.84,19363.72
Asia,Brunei,Fruits,Online,L,11-01-2010,341486680,11/15/2010,2352,9.33,6.92,21944.16,16275.84,5668.32
Asia,Nepal,Cosmetics,Offline,C,8/31/2015,218117511,10/13/2015,4673,437.2,263.33,2043035.6,1230541.09,812494.51
Australia and Oceania,Federated States of Micronesia,Beverages,Offline,H,7/31/2014,191826283,09-11-2014,4515,47.45,31.79,214236.75,143531.85,70704.9
Sub-Saharan Africa,South Africa,Snacks,Online,C,08-12-2014,906411826,09-07-2014,6257,152.58,97.44,954693.06,609682.08,345010.98
Asia,Kyrgyzstan,Baby Food,Online,L,4/14/2016,825985467,5/13/2016,6310,255.28,159.42,1610816.8,1005940.2,604876.6
Asia,Maldives,Household,Offline,H,5/24/2017,284971034,06-11-2017,8117,668.27,502.54,5424347.59,4079117.18,1345230.41
Europe,Liechtenstein,Clothes,Offline,M,10/22/2016,138104856,11/18/2016,7151,109.28,35.84,781461.28,256291.84,525169.44
Sub-Saharan Africa,Sudan,Fruits,Offline,C,8/31/2010,410435760,9/26/2010,5917,9.33,6.92,55205.61,40945.64,14259.97
Europe,Albania,Baby Food,Online,L,4/29/2011,747325074,6/18/2011,8952,255.28,159.42,2285266.56,1427127.84,858138.72
Sub-Saharan Africa,Comoros,Snacks,Offline,L,04-09-2013,864446628,4/29/2013,7822,152.58,97.44,1193480.76,762175.68,431305.08
Middle East and North Africa,Pakistan,Office Supplies,Online,L,1/20/2012,997786748,02-12-2012,6127,651.21,524.96,3989963.67,3216429.92,773533.75
Middle East and North Africa,Somalia,Meat,Online,M,8/27/2015,553644263,9/28/2015,4496,421.89,364.69,1896817.44,1639646.24,257171.2
Asia,Kyrgyzstan,Office Supplies,Offline,H,5/22/2010,358630502,6/26/2010,5590,651.21,524.96,3640263.9,2934526.4,705737.5
Europe,Kosovo,Beverages,Online,L,2/25/2010,409669291,03-03-2010,9102,47.45,31.79,431889.9,289352.58,142537.32
Sub-Saharan Africa,Namibia,Cosmetics,Online,M,10-04-2014,323996961,11-10-2014,6755,437.2,263.33,2953286,1778794.15,1174491.85
Europe,France,Household,Online,H,9/20/2013,689162337,9/21/2013,7305,668.27,502.54,4881712.35,3671054.7,1210657.65
Sub-Saharan Africa,Namibia,Personal Care,Offline,C,10-07-2012,813026750,11/18/2012,1537,81.73,56.67,125619.01,87101.79,38517.22
North America,Canada,Cereal,Online,H,11/27/2014,973764026,01-03-2015,7269,205.7,117.11,1495233.3,851272.59,643960.71
Central America and the Caribbean,Haiti,Fruits,Offline,H,8/19/2016,169860494,9/15/2016,4350,9.33,6.92,40585.5,30102,10483.5
Central America and the Caribbean,Honduras,Cosmetics,Offline,M,9/24/2011,170114982,11-06-2011,9658,437.2,263.33,4222477.6,2543241.14,1679236.46
Australia and Oceania,Tonga,Personal Care,Offline,C,03-06-2010,563638818,04-04-2010,2106,81.73,56.67,172123.38,119347.02,52776.36
North America,Greenland,Household,Online,C,09-04-2011,109855830,9/20/2011,7636,668.27,502.54,5102909.72,3837395.44,1265514.28
Australia and Oceania,Tuvalu,Snacks,Offline,M,12/22/2016,788502347,12/22/2016,4222,152.58,97.44,644192.76,411391.68,232801.08
Europe,Poland,Cereal,Offline,H,7/18/2016,149627196,7/31/2016,6867,205.7,117.11,1412541.9,804194.37,608347.53
Australia and Oceania,Fiji,Snacks,Online,M,1/21/2017,763591706,1/24/2017,2609,152.58,97.44,398081.22,254220.96,143860.26
Sub-Saharan Africa,Mali,Clothes,Online,M,11/22/2014,771069705,11/26/2014,5515,109.28,35.84,602679.2,197657.6,405021.6
Europe,Greece,Cosmetics,Offline,C,1/26/2015,633047521,02-10-2015,1684,437.2,263.33,736244.8,443447.72,292797.08
Middle East and North Africa,Yemen,Household,Offline,H,4/23/2012,880823981,5/14/2012,4245,668.27,502.54,2836806.15,2133282.3,703523.85
Asia,Mongolia,Vegetables,Online,H,7/19/2017,766010415,08-11-2017,8359,154.06,90.93,1287787.54,760083.87,527703.67
Sub-Saharan Africa,The Gambia,Personal Care,Online,H,04-12-2016,510530650,4/21/2016,6219,81.73,56.67,508278.87,352430.73,155848.14
Asia,Uzbekistan,Office Supplies,Online,C,3/17/2010,856621015,4/16/2010,2049,651.21,524.96,1334329.29,1075643.04,258686.25
Europe,Poland,Cereal,Offline,C,6/17/2013,816830337,07-11-2013,7103,205.7,117.11,1461087.1,831832.33,629254.77
Sub-Saharan Africa,Niger,Office Supplies,Offline,H,12-10-2010,824019944,1/26/2011,4668,651.21,524.96,3039848.28,2450513.28,589335
Sub-Saharan Africa,Lesotho,Office Supplies,Offline,M,2/15/2015,481363666,3/25/2015,5060,651.21,524.96,3295122.6,2656297.6,638825
Sub-Saharan Africa,Democratic Republic of the Congo,Beverages,Offline,H,10/28/2016,812347829,10/29/2016,630,47.45,31.79,29893.5,20027.7,9865.8
Europe,Moldova ,Household,Offline,H,9/18/2011,210771262,10/18/2011,755,668.27,502.54,504543.85,379417.7,125126.15
Central America and the Caribbean,Grenada,Vegetables,Online,C,09-03-2011,290745294,10-04-2011,6848,154.06,90.93,1055002.88,622688.64,432314.24
Europe,Bulgaria,Meat,Offline,M,9/19/2010,936693751,11-06-2010,7351,421.89,364.69,3101313.39,2680836.19,420477.2
Europe,United Kingdom,Clothes,Offline,H,6/29/2011,753352963,08-06-2011,2738,109.28,35.84,299208.64,98129.92,201078.72
Central America and the Caribbean,El Salvador,Personal Care,Online,C,12-07-2013,215771758,1/23/2014,513,81.73,56.67,41927.49,29071.71,12855.78
Sub-Saharan Africa,Lesotho,Cosmetics,Offline,C,6/17/2011,319311463,7/21/2011,213,437.2,263.33,93123.6,56089.29,37034.31
Sub-Saharan Africa,Democratic Republic of the Congo,Cereal,Online,C,6/28/2017,329645907,8/15/2017,8404,205.7,117.11,1728702.8,984192.44,744510.36
Australia and Oceania,Marshall Islands,Fruits,Offline,H,3/21/2016,932761418,05-07-2016,3687,9.33,6.92,34399.71,25514.04,8885.67
Europe,Germany,Baby Food,Online,M,11-02-2011,184956824,12-04-2011,1689,255.28,159.42,431167.92,269260.38,161907.54
Sub-Saharan Africa,Liberia,Vegetables,Offline,M,03-01-2017,262843453,3/15/2017,74,154.06,90.93,11400.44,6728.82,4671.62
Europe,Montenegro,Fruits,Offline,C,01-09-2012,713345134,2/23/2012,3532,9.33,6.92,32953.56,24441.44,8512.12
Europe,Kosovo,Meat,Offline,H,2/25/2015,703698194,04-03-2015,8788,421.89,364.69,3707569.32,3204895.72,502673.6
Asia,Turkmenistan,Cosmetics,Online,M,4/13/2012,371451461,5/26/2012,9597,437.2,263.33,4195808.4,2527178.01,1668630.39
Asia,India,Snacks,Offline,M,12-06-2012,374466264,01-03-2013,1744,152.58,97.44,266099.52,169935.36,96164.16
Sub-Saharan Africa,Seychelles ,Fruits,Online,L,4/26/2016,540916430,06-12-2016,8047,9.33,6.92,75078.51,55685.24,19393.27
Europe,Albania,Beverages,Offline,H,2/24/2015,319288289,03-11-2015,3355,47.45,31.79,159194.75,106655.45,52539.3
Europe,Bulgaria,Office Supplies,Offline,H,7/27/2014,128380668,09-03-2014,9547,651.21,524.96,6217101.87,5011793.12,1205308.75
Sub-Saharan Africa,Zambia,Cereal,Online,C,3/13/2013,907304894,4/17/2013,535,205.7,117.11,110049.5,62653.85,47395.65
Europe,Latvia,Office Supplies,Online,H,07-09-2014,965484797,7/21/2014,7262,651.21,524.96,4729087.02,3812259.52,916827.5
Australia and Oceania,Tuvalu,Meat,Online,H,07-04-2015,932656705,8/13/2015,2700,421.89,364.69,1139103,984663,154440
Europe,Bosnia and Herzegovina,Clothes,Online,L,5/28/2010,608869445,6/22/2010,6854,109.28,35.84,749005.12,245647.36,503357.76
Sub-Saharan Africa,Namibia,Cosmetics,Online,H,04-02-2017,314484345,5/14/2017,1761,437.2,263.33,769909.2,463724.13,306185.07
Europe,Norway,Snacks,Online,H,6/29/2013,440175235,8/17/2013,6488,152.58,97.44,989939.04,632190.72,357748.32
Australia and Oceania,New Zealand,Household,Offline,M,07-05-2015,996928441,7/23/2015,2135,668.27,502.54,1426756.45,1072922.9,353833.55
Europe,United Kingdom,Personal Care,Online,L,3/26/2014,266042792,04-07-2014,6829,81.73,56.67,558134.17,386999.43,171134.74
Middle East and North Africa,Kuwait,Vegetables,Online,C,10/23/2016,649129617,10/29/2016,734,154.06,90.93,113080.04,66742.62,46337.42
Europe,Monaco,Clothes,Online,H,07-12-2012,118112742,7/25/2012,1040,109.28,35.84,113651.2,37273.6,76377.6
Central America and the Caribbean,Cuba,Office Supplies,Online,C,06-12-2014,765228497,6/20/2014,6972,651.21,524.96,4540236.12,3660021.12,880215
Europe,Hungary,Baby Food,Online,L,03-11-2010,253025710,3/17/2010,4785,255.28,159.42,1221514.8,762824.7,458690.1
Europe,Macedonia,Snacks,Online,H,03-02-2011,364365708,04-08-2011,2765,152.58,97.44,421883.7,269421.6,152462.1
Sub-Saharan Africa,Ethiopia,Meat,Offline,C,11/30/2010,252422320,12/14/2010,6229,421.89,364.69,2627952.81,2271654.01,356298.8
Middle East and North Africa,United Arab Emirates,Cosmetics,Offline,M,08-12-2011,490681874,8/30/2011,2525,437.2,263.33,1103930,664908.25,439021.75
Middle East and North Africa,Tunisia ,Vegetables,Offline,M,9/19/2012,822943198,10-05-2012,6035,154.06,90.93,929752.1,548762.55,380989.55
Sub-Saharan Africa,Uganda,Beverages,Online,M,10-02-2014,613317620,11-12-2014,3168,47.45,31.79,150321.6,100710.72,49610.88
Sub-Saharan Africa,Malawi,Cosmetics,Online,M,07-07-2015,196228969,7/16/2015,7367,437.2,263.33,3220852.4,1939952.11,1280900.29
Europe,Lithuania,Cereal,Offline,H,11/13/2013,426413571,11/18/2013,4106,205.7,117.11,844604.2,480853.66,363750.54
Central America and the Caribbean,Costa Rica,Household,Online,C,7/13/2013,428920257,09-01-2013,5890,668.27,502.54,3936110.3,2959960.6,976149.7
Asia,Kyrgyzstan,Household,Online,H,9/18/2011,749110352,10/14/2011,7255,668.27,502.54,4848298.85,3645927.7,1202371.15
Asia,Bangladesh,Cereal,Offline,L,6/22/2010,202657687,6/28/2010,9768,205.7,117.11,2009277.6,1143930.48,865347.12
Europe,Malta,Vegetables,Online,C,12-06-2012,825548589,01-03-2013,7028,154.06,90.93,1082733.68,639056.04,443677.64
Sub-Saharan Africa,Ethiopia,Vegetables,Offline,M,12-04-2011,224081885,12/17/2011,9664,154.06,90.93,1488835.84,878747.52,610088.32
Europe,Austria,Meat,Online,L,6/27/2016,124868905,6/27/2016,339,421.89,364.69,143020.71,123629.91,19390.8
Sub-Saharan Africa,Ethiopia,Vegetables,Offline,C,3/23/2010,524833476,04-06-2010,8743,154.06,90.93,1346946.58,795000.99,551945.59
Sub-Saharan Africa,Republic of the Congo,Cosmetics,Offline,H,8/31/2015,141211926,10/14/2015,6602,437.2,263.33,2886394.4,1738504.66,1147889.74
Middle East and North Africa,Iran,Meat,Offline,L,10-02-2014,461553084,10/18/2014,2669,421.89,364.69,1126024.41,973357.61,152666.8
Asia,Bangladesh,Office Supplies,Online,H,3/20/2013,793718278,04-11-2013,7731,651.21,524.96,5034504.51,4058465.76,976038.75
Europe,Poland,Cosmetics,Offline,C,1/22/2014,515881335,03-02-2014,9606,437.2,263.33,4199743.2,2529547.98,1670195.22
Sub-Saharan Africa,Cape Verde,Snacks,Offline,L,10/14/2013,426528584,10/24/2013,8141,152.58,97.44,1242153.78,793259.04,448894.74
Middle East and North Africa,United Arab Emirates,Office Supplies,Offline,L,9/27/2013,494458854,10-12-2013,218,651.21,524.96,141963.78,114441.28,27522.5
Central America and the Caribbean,El Salvador,Snacks,Online,H,05-02-2016,308783471,6/19/2016,4746,152.58,97.44,724144.68,462450.24,261694.44
Europe,Vatican City,Beverages,Online,C,09-12-2013,428926265,10/22/2013,7668,47.45,31.79,363846.6,243765.72,120080.88
Sub-Saharan Africa,The Gambia,Meat,Offline,M,2/26/2014,134623563,04-03-2014,6959,421.89,364.69,2935932.51,2537877.71,398054.8
Europe,Macedonia,Fruits,Online,C,9/29/2015,575924193,10/18/2015,7622,9.33,6.92,71113.26,52744.24,18369.02
Europe,Slovakia,Snacks,Online,H,7/25/2017,723189485,8/31/2017,6694,152.58,97.44,1021370.52,652263.36,369107.16
Europe,Greece,Clothes,Online,C,12/31/2015,517093265,1/23/2016,8243,109.28,35.84,900795.04,295429.12,605365.92
Europe,Czech Republic,Office Supplies,Online,M,1/24/2016,418621861,2/21/2016,8366,651.21,524.96,5448022.86,4391815.36,1056207.5
Asia,Kazakhstan,Vegetables,Offline,H,6/26/2012,959074103,7/31/2012,195,154.06,90.93,30041.7,17731.35,12310.35
Asia,Maldives,Household,Online,C,03-11-2016,490061318,4/26/2016,8889,668.27,502.54,5940252.03,4467078.06,1473173.97
Europe,Ireland,Snacks,Offline,C,09-06-2012,133507335,10/25/2012,6642,152.58,97.44,1013436.36,647196.48,366239.88
Sub-Saharan Africa,Liberia,Clothes,Online,C,3/26/2011,631648480,05-09-2011,7677,109.28,35.84,838942.56,275143.68,563798.88
North America,United States of America,Clothes,Offline,H,10/28/2010,997033584,11/18/2010,3249,109.28,35.84,355050.72,116444.16,238606.56
Sub-Saharan Africa,Guinea,Personal Care,Online,L,07-05-2011,762523972,08-08-2011,6643,81.73,56.67,542932.39,376458.81,166473.58
Australia and Oceania,Samoa ,Vegetables,Offline,H,08-11-2010,431293475,09-02-2010,8178,154.06,90.93,1259902.68,743625.54,516277.14
Central America and the Caribbean,Belize,Clothes,Online,C,02-03-2014,126828420,3/17/2014,203,109.28,35.84,22183.84,7275.52,14908.32
Europe,Estonia,Clothes,Offline,M,1/20/2010,942927634,2/24/2010,2096,109.28,35.84,229050.88,75120.64,153930.24
Australia and Oceania,Solomon Islands,Clothes,Offline,M,5/18/2010,893702447,5/25/2010,5269,109.28,35.84,575796.32,188840.96,386955.36
Central America and the Caribbean,Barbados,Household,Online,H,8/23/2016,763576686,8/26/2016,8165,668.27,502.54,5456424.55,4103239.1,1353185.45
Asia,South Korea,Clothes,Offline,M,05-12-2016,957286679,06-11-2016,1256,109.28,35.84,137255.68,45015.04,92240.64
Sub-Saharan Africa,Mozambique,Personal Care,Online,L,1/13/2017,149881255,2/16/2017,2049,81.73,56.67,167464.77,116116.83,51347.94
Asia,Singapore,Meat,Offline,C,02-01-2012,236721742,2/26/2012,79,421.89,364.69,33329.31,28810.51,4518.8
North America,Mexico,Snacks,Offline,M,12-06-2014,483481967,1/24/2015,1913,152.58,97.44,291885.54,186402.72,105482.82
Sub-Saharan Africa,Botswana,Clothes,Online,H,05-02-2017,676148259,5/18/2017,6150,109.28,35.84,672072,220416,451656
Europe,Liechtenstein,Meat,Offline,C,12-01-2015,671019446,12/28/2015,8421,421.89,364.69,3552735.69,3071054.49,481681.2
Central America and the Caribbean,Antigua and Barbuda ,Beverages,Online,M,12-05-2015,844706857,1/18/2016,6385,47.45,31.79,302968.25,202979.15,99989.1
Europe,Czech Republic,Fruits,Offline,L,4/30/2012,744134318,5/16/2012,4736,9.33,6.92,44186.88,32773.12,11413.76
Sub-Saharan Africa,Mali,Cosmetics,Online,M,4/18/2016,436538159,4/25/2016,197,437.2,263.33,86128.4,51876.01,34252.39
Europe,Slovakia,Personal Care,Offline,M,7/21/2013,959467208,08-11-2013,6523,81.73,56.67,533124.79,369658.41,163466.38
Sub-Saharan Africa,Equatorial Guinea,Vegetables,Online,H,8/13/2013,270782792,09-04-2013,9500,154.06,90.93,1463570,863835,599735
Europe,Croatia,Baby Food,Online,H,9/16/2015,898658740,9/29/2015,1946,255.28,159.42,496774.88,310231.32,186543.56
Sub-Saharan Africa,Sudan,Cereal,Online,M,7/15/2012,491581380,7/28/2012,8709,205.7,117.11,1791441.3,1019910.99,771530.31
Europe,Serbia,Fruits,Offline,H,10/24/2016,368349540,11/18/2016,1669,9.33,6.92,15571.77,11549.48,4022.29
Asia,North Korea,Snacks,Online,L,01-08-2012,568074548,1/26/2012,4737,152.58,97.44,722771.46,461573.28,261198.18
Sub-Saharan Africa,Zimbabwe,Fruits,Offline,L,10-12-2016,300180232,12-01-2016,8856,9.33,6.92,82626.48,61283.52,21342.96
Europe,Belarus,Clothes,Offline,C,12-02-2012,194402921,01-10-2013,6999,109.28,35.84,764850.72,250844.16,514006.56
Sub-Saharan Africa,Madagascar,Personal Care,Offline,H,5/31/2017,950791442,7/15/2017,9171,81.73,56.67,749545.83,519720.57,229825.26
Sub-Saharan Africa,Zimbabwe,Clothes,Online,M,06-04-2010,189707124,7/13/2010,7408,109.28,35.84,809546.24,265502.72,544043.52
North America,Mexico,Office Supplies,Online,L,11-02-2014,101823794,12-03-2014,778,651.21,524.96,506641.38,408418.88,98222.5
Europe,Poland,Office Supplies,Online,C,9/27/2016,698127782,11-11-2016,379,651.21,524.96,246808.59,198959.84,47848.75
Sub-Saharan Africa,Namibia,Snacks,Offline,H,8/23/2014,259917914,10-02-2014,4342,152.58,97.44,662502.36,423084.48,239417.88
Sub-Saharan Africa,Democratic Republic of the Congo,Fruits,Offline,M,09-10-2015,288805520,10/23/2015,2826,9.33,6.92,26366.58,19555.92,6810.66
Central America and the Caribbean,Dominican Republic,Personal Care,Offline,L,9/27/2016,556714427,10/13/2016,3025,81.73,56.67,247233.25,171426.75,75806.5
Sub-Saharan Africa,Guinea,Vegetables,Online,L,9/16/2015,455880963,10/22/2015,4163,154.06,90.93,641351.78,378541.59,262810.19
Australia and Oceania,Tuvalu,Fruits,Offline,M,5/14/2015,348853957,5/31/2015,2493,9.33,6.92,23259.69,17251.56,6008.13
Sub-Saharan Africa,Swaziland,Personal Care,Online,M,12/21/2011,218494737,1/28/2012,6303,81.73,56.67,515144.19,357191.01,157953.18
Europe,Romania,Baby Food,Online,H,3/18/2014,117977130,3/31/2014,909,255.28,159.42,232049.52,144912.78,87136.74
Central America and the Caribbean,Saint Kitts and Nevis ,Household,Online,C,09-09-2016,620787465,10-02-2016,3661,668.27,502.54,2446536.47,1839798.94,606737.53
Sub-Saharan Africa,Cape Verde,Baby Food,Offline,H,4/19/2011,570724570,5/24/2011,8938,255.28,159.42,2281692.64,1424895.96,856796.68
Sub-Saharan Africa,Mauritius ,Baby Food,Online,M,09-10-2013,231899774,10-11-2013,3151,255.28,159.42,804387.28,502332.42,302054.86
Central America and the Caribbean,Dominican Republic,Beverages,Online,C,02-08-2014,838736903,03-09-2014,9743,47.45,31.79,462305.35,309729.97,152575.38
Europe,Russia,Household,Online,C,5/28/2011,545972287,06-09-2011,4187,668.27,502.54,2798046.49,2104134.98,693911.51
Europe,Denmark,Fruits,Online,H,11/14/2016,278654754,11/15/2016,8989,9.33,6.92,83867.37,62203.88,21663.49
Sub-Saharan Africa,Zimbabwe,Personal Care,Online,C,7/29/2012,582145631,8/28/2012,8684,81.73,56.67,709743.32,492122.28,217621.04
Europe,Georgia,Office Supplies,Offline,C,9/20/2015,272118747,10-12-2015,4839,651.21,524.96,3151205.19,2540281.44,610923.75
Sub-Saharan Africa,Burundi,Meat,Offline,L,4/13/2014,484560430,4/24/2014,1054,421.89,364.69,444672.06,384383.26,60288.8
Europe,Cyprus,Office Supplies,Offline,M,3/28/2016,625769507,4/20/2016,7958,651.21,524.96,5182329.18,4177631.68,1004697.5
Central America and the Caribbean,Dominica,Household,Offline,L,6/27/2015,622357308,08-10-2015,8213,668.27,502.54,5488501.51,4127361.02,1361140.49
Middle East and North Africa,Egypt,Beverages,Online,H,10-08-2010,471247661,11/27/2010,1510,47.45,31.79,71649.5,48002.9,23646.6
Sub-Saharan Africa,Benin,Office Supplies,Online,H,1/16/2017,689676892,2/14/2017,9573,651.21,524.96,6234033.33,5025442.08,1208591.25
Asia,Laos,Meat,Offline,H,04-04-2016,965193831,04-12-2016,1158,421.89,364.69,488548.62,422311.02,66237.6
Middle East and North Africa,Saudi Arabia,Meat,Offline,M,2/19/2014,605659806,3/21/2014,7051,421.89,364.69,2974746.39,2571429.19,403317.2
Europe,Montenegro,Meat,Online,H,09-08-2013,789248645,9/28/2013,5068,421.89,364.69,2138138.52,1848248.92,289889.6
Sub-Saharan Africa,Niger,Personal Care,Offline,M,5/30/2011,514446675,6/21/2011,5058,81.73,56.67,413390.34,286636.86,126753.48
Australia and Oceania,Papua New Guinea,Beverages,Offline,M,3/21/2016,650052726,04-06-2016,3902,47.45,31.79,185149.9,124044.58,61105.32
Europe,Albania,Cosmetics,Online,L,5/24/2015,785178124,07-09-2015,510,437.2,263.33,222972,134298.3,88673.7
Central America and the Caribbean,Costa Rica,Office Supplies,Offline,M,03-12-2016,579246699,4/23/2016,825,651.21,524.96,537248.25,433092,104156.25
Central America and the Caribbean,El Salvador,Vegetables,Offline,L,10/22/2011,211994779,12-11-2011,2821,154.06,90.93,434603.26,256513.53,178089.73
Europe,Montenegro,Household,Offline,C,06-01-2015,833471190,06-03-2015,1502,668.27,502.54,1003741.54,754815.08,248926.46
Asia,Singapore,Baby Food,Offline,H,12/22/2010,514037263,02-09-2011,3904,255.28,159.42,996613.12,622375.68,374237.44
Australia and Oceania,Solomon Islands,Beverages,Online,C,01-03-2010,994366824,1/23/2010,4095,47.45,31.79,194307.75,130180.05,64127.7
Europe,Georgia,Snacks,Offline,L,7/14/2017,935446202,08-01-2017,8174,152.58,97.44,1247188.92,796474.56,450714.36
Sub-Saharan Africa,Sudan,Cosmetics,Online,H,2/17/2013,868574225,3/16/2013,9270,437.2,263.33,4052844,2441069.1,1611774.9
Asia,Uzbekistan,Cosmetics,Offline,H,4/24/2015,945362222,06-10-2015,2544,437.2,263.33,1112236.8,669911.52,442325.28
Asia,Kyrgyzstan,Cosmetics,Offline,H,2/17/2017,487734019,03-05-2017,190,437.2,263.33,83068,50032.7,33035.3
Europe,Switzerland,Fruits,Offline,M,9/24/2012,237925946,10/30/2012,6430,9.33,6.92,59991.9,44495.6,15496.3
Sub-Saharan Africa,Chad,Meat,Online,L,3/27/2016,108486831,05-12-2016,2519,421.89,364.69,1062740.91,918654.11,144086.8
Sub-Saharan Africa,Guinea,Beverages,Online,M,7/19/2012,532278001,09-06-2012,1744,47.45,31.79,82752.8,55441.76,27311.04
Middle East and North Africa,Qatar,Office Supplies,Online,C,2/21/2014,212473285,3/29/2014,4421,651.21,524.96,2878999.41,2320848.16,558151.25
Europe,San Marino,Snacks,Offline,H,11-01-2011,172559010,11-12-2011,2901,152.58,97.44,442634.58,282673.44,159961.14
Europe,Bulgaria,Baby Food,Offline,C,06-10-2016,606334006,6/27/2016,6561,255.28,159.42,1674892.08,1045954.62,628937.46
Europe,Macedonia,Office Supplies,Offline,H,2/15/2017,427909600,2/26/2017,6815,651.21,524.96,4437996.15,3577602.4,860393.75
Sub-Saharan Africa,South Sudan,Beverages,Online,H,6/22/2015,421709620,7/29/2015,2103,47.45,31.79,99787.35,66854.37,32932.98
Central America and the Caribbean,Trinidad and Tobago,Snacks,Online,C,2/18/2014,992470395,2/18/2014,2900,152.58,97.44,442482,282576,159906
Asia,Sri Lanka,Snacks,Online,L,1/15/2013,815240752,03-06-2013,6710,152.58,97.44,1023811.8,653822.4,369989.4
Europe,Slovakia,Baby Food,Online,H,03-09-2013,885382020,4/21/2013,3070,255.28,159.42,783709.6,489419.4,294290.2
Europe,Moldova ,Snacks,Offline,H,11-03-2012,468568027,11/30/2012,8547,152.58,97.44,1304101.26,832819.68,471281.58
Europe,Portugal,Meat,Offline,M,05-08-2011,250785100,5/21/2011,1739,421.89,364.69,733666.71,634195.91,99470.8
Europe,Switzerland,Cosmetics,Offline,C,11/23/2012,988332068,11/23/2012,8277,437.2,263.33,3618704.4,2179582.41,1439121.99
Europe,Ireland,Clothes,Offline,C,03-01-2015,357820260,03-02-2015,5821,109.28,35.84,636118.88,208624.64,427494.24
Europe,Andorra,Office Supplies,Online,L,02-10-2013,606173503,2/25/2013,9065,651.21,524.96,5903218.65,4758762.4,1144456.25
Europe,Belarus,Beverages,Offline,H,05-04-2010,900628125,05-11-2010,4731,47.45,31.79,224485.95,150398.49,74087.46
Sub-Saharan Africa,Zambia,Fruits,Offline,C,4/19/2015,478732955,5/17/2015,6575,9.33,6.92,61344.75,45499,15845.75
Europe,Spain,Beverages,Online,H,10-11-2014,898349320,11/25/2014,382,47.45,31.79,18125.9,12143.78,5982.12
Sub-Saharan Africa,Namibia,Snacks,Online,C,7/29/2015,187651050,08-06-2015,8970,152.58,97.44,1368642.6,874036.8,494605.8
Central America and the Caribbean,The Bahamas,Office Supplies,Online,C,5/25/2010,495124471,07-03-2010,7188,651.21,524.96,4680897.48,3773412.48,907485
Sub-Saharan Africa,Democratic Republic of the Congo,Vegetables,Offline,M,12/17/2011,439568412,1/26/2012,6916,154.06,90.93,1065478.96,628871.88,436607.08
Middle East and North Africa,United Arab Emirates,Snacks,Online,C,4/25/2011,960094201,5/24/2011,2064,152.58,97.44,314925.12,201116.16,113808.96
Europe,Spain,Office Supplies,Online,L,12-10-2011,366125667,12/25/2011,3576,651.21,524.96,2328726.96,1877256.96,451470
Sub-Saharan Africa,Angola,Cosmetics,Online,L,10/24/2010,187399137,11-10-2010,4424,437.2,263.33,1934172.8,1164971.92,769200.88
Europe,France,Personal Care,Offline,C,4/28/2017,223963439,06-10-2017,4613,81.73,56.67,377020.49,261418.71,115601.78
Asia,Kyrgyzstan,Personal Care,Offline,H,8/23/2011,796179902,09-06-2011,6181,81.73,56.67,505173.13,350277.27,154895.86
Sub-Saharan Africa,Cameroon,Fruits,Online,H,8/26/2016,494722354,10-07-2016,8193,9.33,6.92,76440.69,56695.56,19745.13
Asia,Brunei,Meat,Offline,L,11/15/2010,230577123,01-03-2011,1749,421.89,364.69,737885.61,637842.81,100042.8
Middle East and North Africa,Lebanon,Vegetables,Online,C,07-12-2015,985043036,8/27/2015,4979,154.06,90.93,767064.74,452740.47,314324.27
Europe,Croatia,Office Supplies,Online,H,1/17/2015,659731423,1/24/2015,8044,651.21,524.96,5238333.24,4222778.24,1015555
Sub-Saharan Africa,Malawi,Personal Care,Offline,L,11-08-2013,826566112,12/26/2013,8135,81.73,56.67,664873.55,461010.45,203863.1
Asia,Cambodia,Office Supplies,Online,L,06-11-2017,877783429,7/24/2017,4478,651.21,524.96,2916118.38,2350770.88,565347.5
Sub-Saharan Africa,Burkina Faso,Household,Online,L,06-09-2013,275932204,6/15/2013,3326,668.27,502.54,2222666.02,1671448.04,551217.98
Europe,Macedonia,Meat,Online,L,3/31/2013,803873765,4/16/2013,2966,421.89,364.69,1251325.74,1081670.54,169655.2
Middle East and North Africa,Tunisia ,Household,Online,L,5/29/2010,714781939,07-08-2010,8715,668.27,502.54,5823973.05,4379636.1,1444336.95
Asia,Maldives,Vegetables,Online,L,09-02-2014,582143056,09-07-2014,7922,154.06,90.93,1220463.32,720347.46,500115.86
Middle East and North Africa,Kuwait,Snacks,Offline,M,05-07-2010,149755942,06-08-2010,4966,152.58,97.44,757712.28,483887.04,273825.24
Sub-Saharan Africa,Liberia,Fruits,Online,C,02-07-2013,581731927,3/28/2013,6259,9.33,6.92,58396.47,43312.28,15084.19
Europe,Montenegro,Clothes,Online,L,03-04-2013,412494838,3/30/2013,5244,109.28,35.84,573064.32,187944.96,385119.36
Central America and the Caribbean,Guatemala,Vegetables,Offline,H,12/25/2016,496781003,02-10-2017,7393,154.06,90.93,1138965.58,672245.49,466720.09
Middle East and North Africa,Algeria,Cereal,Offline,L,02-10-2013,859639251,3/13/2013,5212,205.7,117.11,1072108.4,610377.32,461731.08
Sub-Saharan Africa,Namibia,Household,Online,C,11/29/2013,246430909,12-12-2013,3237,668.27,502.54,2163189.99,1626721.98,536468.01
Sub-Saharan Africa,Guinea,Baby Food,Offline,M,11/13/2013,172829806,11/28/2013,3035,255.28,159.42,774774.8,483839.7,290935.1
Asia,Bhutan,Clothes,Offline,L,02-09-2016,874822270,03-03-2016,8205,109.28,35.84,896642.4,294067.2,602575.2
Australia and Oceania,New Zealand,Household,Offline,H,6/16/2013,858707129,6/26/2013,9377,668.27,502.54,6266367.79,4712317.58,1554050.21
Australia and Oceania,Kiribati,Cereal,Offline,L,12/16/2014,951095712,01-01-2015,9211,205.7,117.11,1894702.7,1078700.21,816002.49
Central America and the Caribbean,Saint Vincent and the Grenadines,Household,Offline,C,10/15/2011,248911845,10/28/2011,7401,668.27,502.54,4945866.27,3719298.54,1226567.73
Sub-Saharan Africa,Burundi,Clothes,Online,M,4/29/2011,169391858,06-10-2011,5670,109.28,35.84,619617.6,203212.8,416404.8
Asia,Cambodia,Clothes,Offline,H,8/31/2010,400084578,9/30/2010,2772,109.28,35.84,302924.16,99348.48,203575.68
North America,Canada,Household,Online,H,7/14/2015,248851335,7/29/2015,9495,668.27,502.54,6345223.65,4771617.3,1573606.35
Europe,Slovakia,Baby Food,Offline,M,10/15/2013,893865954,11/13/2013,3654,255.28,159.42,932793.12,582520.68,350272.44
Asia,Japan,Personal Care,Offline,L,1/28/2017,433614766,02-09-2017,5100,81.73,56.67,416823,289017,127806
Sub-Saharan Africa,Equatorial Guinea,Meat,Offline,M,08-09-2011,636896598,9/23/2011,711,421.89,364.69,299963.79,259294.59,40669.2
Asia,Brunei,Clothes,Online,M,12-04-2014,192822778,12/24/2014,9400,109.28,35.84,1027232,336896,690336
Sub-Saharan Africa,Cameroon,Cereal,Offline,C,08-05-2011,560817134,8/26/2011,7107,205.7,117.11,1461909.9,832300.77,629609.13
Europe,Slovenia,Vegetables,Offline,H,07-04-2017,120615994,8/14/2017,1808,154.06,90.93,278540.48,164401.44,114139.04
Europe,Vatican City,Fruits,Online,M,7/24/2015,922268187,08-07-2015,8506,9.33,6.92,79360.98,58861.52,20499.46
Sub-Saharan Africa,Lesotho,Office Supplies,Online,M,06-05-2012,136135041,7/13/2012,4239,651.21,524.96,2760479.19,2225305.44,535173.75
Sub-Saharan Africa,Angola,Vegetables,Online,M,1/23/2012,402890384,03-09-2012,3073,154.06,90.93,473426.38,279427.89,193998.49
Europe,Montenegro,Office Supplies,Online,C,11/26/2011,383520543,01-02-2012,1106,651.21,524.96,720238.26,580605.76,139632.5
Sub-Saharan Africa,Lesotho,Fruits,Offline,M,04-03-2014,609324347,5/20/2014,1470,9.33,6.92,13715.1,10172.4,3542.7
Middle East and North Africa,Turkey,Beverages,Offline,M,11/25/2014,331913125,12/21/2014,9324,47.45,31.79,442423.8,296409.96,146013.84
Sub-Saharan Africa,Mauritania,Clothes,Offline,C,6/25/2014,673210704,07-06-2014,6862,109.28,35.84,749879.36,245934.08,503945.28
Europe,Austria,Beverages,Offline,H,9/14/2014,575453412,9/20/2014,8307,47.45,31.79,394167.15,264079.53,130087.62
Australia and Oceania,Australia,Meat,Online,L,7/19/2014,851190078,09-06-2014,4914,421.89,364.69,2073167.46,1792086.66,281080.8
Sub-Saharan Africa,Niger,Office Supplies,Online,M,1/23/2014,133282029,03-06-2014,9969,651.21,524.96,6491912.49,5233326.24,1258586.25
North America,Mexico,Clothes,Offline,H,7/29/2010,724903094,8/25/2010,3789,109.28,35.84,414061.92,135797.76,278264.16
Europe,Netherlands,Cereal,Offline,L,1/18/2010,949539601,1/26/2010,8724,205.7,117.11,1794526.8,1021667.64,772859.16
Europe,France,Office Supplies,Offline,L,9/24/2015,100990378,10/22/2015,4152,651.21,524.96,2703823.92,2179633.92,524190
Australia and Oceania,East Timor,Vegetables,Online,H,10-10-2016,693366754,11/23/2016,1485,154.06,90.93,228779.1,135031.05,93748.05
Middle East and North Africa,United Arab Emirates,Office Supplies,Offline,L,10-10-2014,811092555,11/28/2014,9166,651.21,524.96,5968990.86,4811783.36,1157207.5
Europe,Cyprus,Cosmetics,Online,L,5/18/2012,858904111,07-07-2012,7668,437.2,263.33,3352449.6,2019214.44,1333235.16
Europe,Portugal,Cosmetics,Online,C,02-02-2017,411850249,3/18/2017,4496,437.2,263.33,1965651.2,1183931.68,781719.52
Australia and Oceania,Fiji,Household,Online,C,10-04-2014,465292298,11/13/2014,9186,668.27,502.54,6138728.22,4616332.44,1522395.78
Europe,Iceland,Baby Food,Online,M,3/24/2011,284904086,4/28/2011,8305,255.28,159.42,2120100.4,1323983.1,796117.3
Europe,Croatia,Office Supplies,Online,H,5/30/2013,556671941,07-08-2013,453,651.21,524.96,294998.13,237806.88,57191.25
Sub-Saharan Africa,Botswana,Baby Food,Online,H,05-08-2010,236894690,05-10-2010,1258,255.28,159.42,321142.24,200550.36,120591.88
Middle East and North Africa,Yemen,Clothes,Offline,L,11/15/2014,602183663,12/22/2014,8383,109.28,35.84,916094.24,300446.72,615647.52
Europe,Austria,Snacks,Offline,H,5/14/2014,299462687,6/26/2014,6519,152.58,97.44,994669.02,635211.36,359457.66
Sub-Saharan Africa,Niger,Beverages,Offline,H,06-06-2012,295968091,07-11-2012,2390,47.45,31.79,113405.5,75978.1,37427.4
Europe,Kosovo,Baby Food,Offline,M,07-06-2017,729248702,7/19/2017,9751,255.28,159.42,2489235.28,1554504.42,934730.86
Europe,Czech Republic,Clothes,Offline,M,5/29/2016,457165849,7/13/2016,4389,109.28,35.84,479629.92,157301.76,322328.16
Europe,Luxembourg,Beverages,Online,C,11/29/2015,207893359,12/31/2015,9120,47.45,31.79,432744,289924.8,142819.2
Europe,Belarus,Baby Food,Online,L,4/21/2016,329917562,06-03-2016,8793,255.28,159.42,2244677.04,1401780.06,842896.98
Asia,Cambodia,Personal Care,Offline,H,2/25/2015,342037284,3/29/2015,5288,81.73,56.67,432188.24,299670.96,132517.28
North America,Canada,Beverages,Offline,M,1/31/2011,283363854,2/18/2011,2516,47.45,31.79,119384.2,79983.64,39400.56
Middle East and North Africa,Afghanistan,Household,Online,C,2/24/2015,263321101,03-04-2015,1420,668.27,502.54,948943.4,713606.8,235336.6
Asia,Myanmar,Snacks,Online,C,9/30/2016,911645352,10/22/2016,4973,152.58,97.44,758780.34,484569.12,274211.22
Australia and Oceania,Palau,Clothes,Online,C,2/17/2010,228385436,03-07-2010,3181,109.28,35.84,347619.68,114007.04,233612.64
Europe,Albania,Meat,Offline,H,05-01-2013,333902680,5/19/2013,8078,421.89,364.69,3408027.42,2945965.82,462061.6
Sub-Saharan Africa,Togo,Cosmetics,Online,H,5/16/2011,718870913,6/16/2011,8733,437.2,263.33,3818067.6,2299660.89,1518406.71
Central America and the Caribbean,Nicaragua,Household,Online,L,1/19/2013,494276463,2/19/2013,6244,668.27,502.54,4172677.88,3137859.76,1034818.12
Central America and the Caribbean,Panama,Beverages,Online,C,11/19/2016,641418159,12/18/2016,8742,47.45,31.79,414807.9,277908.18,136899.72
Australia and Oceania,Palau,Household,Online,H,11/15/2014,861907327,11/15/2014,6386,668.27,502.54,4267572.22,3209220.44,1058351.78
Asia,Mongolia,Clothes,Online,C,06-11-2011,927667796,6/18/2011,6371,109.28,35.84,696222.88,228336.64,467886.24
Europe,Czech Republic,Clothes,Online,C,1/30/2012,230935895,2/26/2012,7918,109.28,35.84,865279.04,283781.12,581497.92
Europe,Moldova ,Fruits,Offline,H,12/27/2011,934260451,1/19/2012,7284,9.33,6.92,67959.72,50405.28,17554.44
Asia,Brunei,Household,Offline,M,12/30/2014,320502793,1/23/2015,2754,668.27,502.54,1840415.58,1383995.16,456420.42
Asia,Philippines,Personal Care,Offline,L,8/25/2014,242836749,10-10-2014,9645,81.73,56.67,788285.85,546582.15,241703.7
Central America and the Caribbean,Cuba,Cosmetics,Offline,C,2/13/2013,374748647,03-02-2013,5307,437.2,263.33,2320220.4,1397492.31,922728.09
Sub-Saharan Africa,The Gambia,Snacks,Offline,L,06-11-2017,460037314,6/17/2017,4119,152.58,97.44,628477.02,401355.36,227121.66
Sub-Saharan Africa,Mozambique,Household,Offline,L,12/28/2012,762814080,02-12-2013,2493,668.27,502.54,1665997.11,1252832.22,413164.89
Europe,France,Snacks,Online,L,9/16/2012,717502772,9/18/2012,3870,152.58,97.44,590484.6,377092.8,213391.8
Sub-Saharan Africa,Malawi,Vegetables,Online,L,6/20/2015,278839719,6/29/2015,3724,154.06,90.93,573719.44,338623.32,235096.12
Asia,Indonesia,Cereal,Offline,L,5/26/2017,371873748,07-04-2017,4561,205.7,117.11,938197.7,534138.71,404058.99
Sub-Saharan Africa,Malawi,Beverages,Online,M,9/21/2015,641966187,10/14/2015,916,47.45,31.79,43464.2,29119.64,14344.56
Middle East and North Africa,Syria,Snacks,Online,H,6/28/2012,804790866,08-03-2012,4356,152.58,97.44,664638.48,424448.64,240189.84
Europe,Kosovo,Fruits,Online,C,10/31/2010,196334111,11-12-2010,8481,9.33,6.92,79127.73,58688.52,20439.21
Central America and the Caribbean,Trinidad and Tobago,Cereal,Online,C,2/23/2011,922894752,3/22/2011,3921,205.7,117.11,806549.7,459188.31,347361.39
Europe,Germany,Household,Offline,H,11/26/2014,211084115,12-11-2014,3335,668.27,502.54,2228680.45,1675970.9,552709.55
Middle East and North Africa,Jordan,Household,Offline,C,04-12-2013,757826030,4/17/2013,6418,668.27,502.54,4288956.86,3225301.72,1063655.14
Sub-Saharan Africa,The Gambia,Vegetables,Online,H,8/26/2013,380356824,9/29/2013,4891,154.06,90.93,753507.46,444738.63,308768.83
Asia,Indonesia,Cereal,Offline,L,02-12-2013,566225326,03-12-2013,7511,205.7,117.11,1545012.7,879613.21,665399.49
Sub-Saharan Africa,Tanzania,Cosmetics,Offline,H,5/26/2017,623292863,6/25/2017,5064,437.2,263.33,2213980.8,1333503.12,880477.68
Central America and the Caribbean,El Salvador,Household,Online,H,5/13/2014,829733264,5/29/2014,5366,668.27,502.54,3585936.82,2696629.64,889307.18
Europe,Bulgaria,Household,Online,H,8/25/2015,184032857,9/25/2015,8267,668.27,502.54,5524588.09,4154498.18,1370089.91
Central America and the Caribbean,Belize,Vegetables,Online,L,01-12-2015,454990470,1/13/2015,646,154.06,90.93,99522.76,58740.78,40781.98
Sub-Saharan Africa,Mauritania,Meat,Online,M,12-06-2014,331717431,12/30/2014,1414,421.89,364.69,596552.46,515671.66,80880.8
Sub-Saharan Africa,Sierra Leone,Baby Food,Offline,C,1/14/2015,373637568,02-12-2015,6514,255.28,159.42,1662893.92,1038461.88,624432.04
Europe,Norway,Personal Care,Online,C,02-09-2016,760487210,2/20/2016,3920,81.73,56.67,320381.6,222146.4,98235.2
Sub-Saharan Africa,Botswana,Cereal,Offline,H,03-06-2016,842315185,03-10-2016,8636,205.7,117.11,1776425.2,1011361.96,765063.24
Europe,Vatican City,Beverages,Offline,H,05-10-2014,489482820,5/15/2014,7699,47.45,31.79,365317.55,244751.21,120566.34
Europe,Lithuania,Beverages,Online,C,08-02-2014,542663943,9/20/2014,5175,47.45,31.79,245553.75,164513.25,81040.5
Central America and the Caribbean,Dominican Republic,Fruits,Offline,L,4/27/2014,562844884,5/30/2014,7164,9.33,6.92,66840.12,49574.88,17265.24
Sub-Saharan Africa,Ethiopia,Office Supplies,Online,H,11-07-2015,181324470,12/22/2015,6795,651.21,524.96,4424971.95,3567103.2,857868.75
Europe,Montenegro,Clothes,Offline,H,12/18/2014,449714028,1/20/2015,9229,109.28,35.84,1008545.12,330767.36,677777.76
Central America and the Caribbean,Honduras,Personal Care,Online,L,4/21/2012,689937388,5/27/2012,6660,81.73,56.67,544321.8,377422.2,166899.6
Asia,Turkmenistan,Snacks,Online,H,2/23/2017,744230878,2/27/2017,3310,152.58,97.44,505039.8,322526.4,182513.4
Middle East and North Africa,Lebanon,Clothes,Offline,L,05-01-2013,525143325,5/30/2013,435,109.28,35.84,47536.8,15590.4,31946.4
Australia and Oceania,New Zealand,Cosmetics,Online,L,1/19/2016,465536057,02-01-2016,1319,437.2,263.33,576666.8,347332.27,229334.53
Sub-Saharan Africa,Zimbabwe,Fruits,Online,C,1/20/2015,168582904,03-07-2015,6282,9.33,6.92,58611.06,43471.44,15139.62
Europe,San Marino,Personal Care,Offline,M,4/23/2016,657770192,5/26/2016,7672,81.73,56.67,627032.56,434772.24,192260.32
Europe,Montenegro,Cereal,Offline,L,6/28/2015,326896750,7/15/2015,4868,205.7,117.11,1001347.6,570091.48,431256.12
Europe,Slovenia,Vegetables,Offline,L,11/24/2016,790073907,11/28/2016,9281,154.06,90.93,1429830.86,843921.33,585909.53
Sub-Saharan Africa,Chad,Cereal,Offline,M,7/20/2014,131725490,8/27/2014,9354,205.7,117.11,1924117.8,1095446.94,828670.86
Asia,Kazakhstan,Household,Offline,C,02-05-2011,556587827,03-04-2011,5561,668.27,502.54,3716249.47,2794624.94,921624.53
Sub-Saharan Africa,South Africa,Clothes,Online,M,1/15/2014,739709746,1/30/2014,5407,109.28,35.84,590876.96,193786.88,397090.08
Europe,Montenegro,Meat,Online,C,10/20/2016,776452577,11-03-2016,8427,421.89,364.69,3555267.03,3073242.63,482024.4
Europe,Ireland,Office Supplies,Online,C,02-01-2010,832490146,2/21/2010,1189,651.21,524.96,774288.69,624177.44,150111.25
Middle East and North Africa,Qatar,Meat,Offline,H,12-11-2015,693808782,1/23/2016,2291,421.89,364.69,966549.99,835504.79,131045.2
Sub-Saharan Africa,Uganda,Baby Food,Online,L,11-06-2015,216707313,12-09-2015,7364,255.28,159.42,1879881.92,1173968.88,705913.04
Middle East and North Africa,Morocco,Beverages,Offline,C,1/20/2015,677797067,1/21/2015,4069,47.45,31.79,193074.05,129353.51,63720.54
Europe,Greece,Vegetables,Online,L,02-04-2016,724001872,3/24/2016,7098,154.06,90.93,1093517.88,645421.14,448096.74
Europe,Netherlands,Cereal,Online,M,12/29/2014,422558057,02-07-2015,3174,205.7,117.11,652891.8,371707.14,281184.66
Australia and Oceania,Kiribati,Baby Food,Offline,M,8/17/2012,811014449,09-12-2012,6053,255.28,159.42,1545209.84,964969.26,580240.58
Middle East and North Africa,Oman,Clothes,Offline,H,12-10-2010,747232377,01-01-2011,1520,109.28,35.84,166105.6,54476.8,111628.8
Asia,North Korea,Cosmetics,Online,M,9/20/2016,959385669,10/23/2016,2394,437.2,263.33,1046656.8,630412.02,416244.78
Asia,Nepal,Clothes,Online,C,02-10-2015,895960652,03-07-2015,3522,109.28,35.84,384884.16,126228.48,258655.68
Europe,Ireland,Baby Food,Offline,C,3/31/2011,975756156,04-03-2011,6785,255.28,159.42,1732074.8,1081664.7,650410.1
Sub-Saharan Africa,Seychelles ,Vegetables,Offline,H,4/29/2011,337883508,06-04-2011,6093,154.06,90.93,938687.58,554036.49,384651.09
Sub-Saharan Africa,Senegal,Cosmetics,Online,L,04-04-2011,891766536,05-05-2011,2390,437.2,263.33,1044908,629358.7,415549.3
Central America and the Caribbean,Cuba,Household,Offline,M,08-02-2015,567141568,08-08-2015,8648,668.27,502.54,5779198.96,4345965.92,1433233.04
Central America and the Caribbean,Saint Lucia,Cosmetics,Offline,H,12/26/2010,964057433,1/17/2011,4873,437.2,263.33,2130475.6,1283207.09,847268.51
North America,United States of America,Household,Online,L,07-01-2015,602875459,8/20/2015,3100,668.27,502.54,2071637,1557874,513763
Middle East and North Africa,Iran,Vegetables,Offline,L,2/18/2014,774269473,04-08-2014,2398,154.06,90.93,369435.88,218050.14,151385.74
Europe,Croatia,Cereal,Online,C,9/15/2015,589225804,10/27/2015,3864,205.7,117.11,794824.8,452513.04,342311.76
Asia,Thailand,Clothes,Offline,H,2/22/2011,129043281,04-05-2011,5629,109.28,35.84,615137.12,201743.36,413393.76
Sub-Saharan Africa,Burundi,Cosmetics,Offline,L,03-05-2015,895333230,3/26/2015,7854,437.2,263.33,3433768.8,2068193.82,1365574.98
Europe,Malta,Cosmetics,Online,M,1/27/2017,860019481,3/14/2017,7731,437.2,263.33,3379993.2,2035804.23,1344188.97
Sub-Saharan Africa,Central African Republic,Cosmetics,Offline,M,10-06-2014,315338361,11/15/2014,4483,437.2,263.33,1959967.6,1180508.39,779459.21
Middle East and North Africa,Somalia,Baby Food,Online,C,01-03-2011,523838698,1/21/2011,4367,255.28,159.42,1114807.76,696187.14,418620.62
Sub-Saharan Africa,Botswana,Baby Food,Offline,M,3/21/2017,568381822,3/30/2017,5667,255.28,159.42,1446671.76,903433.14,543238.62
Asia,Bangladesh,Household,Online,C,10/17/2011,502141559,11/15/2011,3701,668.27,502.54,2473267.27,1859900.54,613366.73
Asia,Vietnam,Fruits,Offline,M,1/18/2012,898604238,1/24/2012,5818,9.33,6.92,54281.94,40260.56,14021.38
Europe,Kosovo,Cereal,Online,M,06-10-2017,601568686,6/19/2017,6397,205.7,117.11,1315862.9,749152.67,566710.23
Australia and Oceania,Australia,Vegetables,Online,C,05-08-2013,775146234,5/28/2013,1851,154.06,90.93,285165.06,168311.43,116853.63
Europe,Cyprus,Cereal,Online,H,9/21/2012,853760707,9/27/2012,5620,205.7,117.11,1156034,658158.2,497875.8
Asia,South Korea,Office Supplies,Offline,M,06-03-2014,792148435,06-03-2014,3180,651.21,524.96,2070847.8,1669372.8,401475
Australia and Oceania,Solomon Islands,Fruits,Online,C,08-03-2014,615358245,8/28/2014,7034,9.33,6.92,65627.22,48675.28,16951.94
Sub-Saharan Africa,Rwanda,Office Supplies,Offline,C,06-07-2010,868751466,6/19/2010,1719,651.21,524.96,1119429.99,902406.24,217023.75
Sub-Saharan Africa,Lesotho,Clothes,Offline,M,08-02-2011,368001925,09-07-2011,8802,109.28,35.84,961882.56,315463.68,646418.88
Sub-Saharan Africa,Nigeria,Baby Food,Online,L,08-08-2013,249095952,09-07-2013,1883,255.28,159.42,480692.24,300187.86,180504.38
Europe,Macedonia,Clothes,Offline,H,11/18/2016,818332374,12-09-2016,1589,109.28,35.84,173645.92,56949.76,116696.16
Sub-Saharan Africa,Nigeria,Meat,Online,C,4/28/2015,202322518,06-11-2015,584,421.89,364.69,246383.76,212978.96,33404.8
Sub-Saharan Africa,Malawi,Snacks,Online,M,3/30/2015,197990214,4/24/2015,8559,152.58,97.44,1305932.22,833988.96,471943.26
Sub-Saharan Africa,Tanzania,Cereal,Online,H,6/14/2016,422571790,6/17/2016,7238,205.7,117.11,1488856.6,847642.18,641214.42
Asia,Sri Lanka,Household,Offline,H,1/17/2016,563616073,1/22/2016,5376,668.27,502.54,3592619.52,2701655.04,890964.48
Europe,Croatia,Clothes,Online,M,03-03-2012,828984391,3/25/2012,3758,109.28,35.84,410674.24,134686.72,275987.52
Sub-Saharan Africa,Guinea,Meat,Offline,H,5/31/2015,596850574,07-02-2015,203,421.89,364.69,85643.67,74032.07,11611.6
Central America and the Caribbean,Saint Kitts and Nevis ,Baby Food,Online,C,09-10-2014,665700948,10-07-2014,4559,255.28,159.42,1163821.52,726795.78,437025.74
Europe,Portugal,Office Supplies,Offline,H,5/13/2011,104334342,6/19/2011,3705,651.21,524.96,2412733.05,1944976.8,467756.25
Sub-Saharan Africa,Burkina Faso,Office Supplies,Online,C,5/30/2015,301862084,06-04-2015,6554,651.21,524.96,4268030.34,3440587.84,827442.5
Asia,Singapore,Cereal,Offline,H,5/19/2011,917708003,06-02-2011,9046,205.7,117.11,1860762.2,1059377.06,801385.14
Europe,Russia,Baby Food,Offline,H,03-07-2015,331608426,3/16/2015,9157,255.28,159.42,2337598.96,1459808.94,877790.02
Sub-Saharan Africa,Sudan,Cereal,Offline,H,04-09-2017,593612182,05-01-2017,1891,205.7,117.11,388978.7,221455.01,167523.69
Europe,Denmark,Clothes,Online,H,10-03-2016,674080598,10-04-2016,4283,109.28,35.84,468046.24,153502.72,314543.52
Middle East and North Africa,Morocco,Household,Online,C,01-05-2010,513687503,02-04-2010,402,668.27,502.54,268644.54,202021.08,66623.46
Sub-Saharan Africa,Malawi,Cosmetics,Offline,M,3/17/2017,573419225,3/25/2017,6346,437.2,263.33,2774471.2,1671092.18,1103379.02
Sub-Saharan Africa,Guinea-Bissau,Snacks,Offline,H,05-06-2010,484574592,5/26/2010,5245,152.58,97.44,800282.1,511072.8,289209.3
Sub-Saharan Africa,Cameroon,Snacks,Offline,M,07-03-2015,398764932,7/20/2015,2260,152.58,97.44,344830.8,220214.4,124616.4
Europe,Slovenia,Meat,Online,C,08-08-2010,537914073,9/15/2010,9583,421.89,364.69,4042971.87,3494824.27,548147.6
Asia,Indonesia,Snacks,Offline,M,6/29/2012,744258344,7/30/2012,1438,152.58,97.44,219410.04,140118.72,79291.32
North America,Mexico,Cereal,Offline,H,08-03-2012,930346572,09-11-2012,9080,205.7,117.11,1867756,1063358.8,804397.2
Middle East and North Africa,Afghanistan,Cereal,Online,M,12-08-2010,629040086,12/20/2010,5795,205.7,117.11,1192031.5,678652.45,513379.05
Europe,Germany,Snacks,Online,L,06-07-2012,343512713,7/21/2012,1900,152.58,97.44,289902,185136,104766
Central America and the Caribbean,Costa Rica,Cosmetics,Offline,L,6/22/2015,197250783,7/29/2015,9745,437.2,263.33,4260514,2566150.85,1694363.15
Central America and the Caribbean,Grenada,Beverages,Online,H,9/22/2015,384053122,10/26/2015,8708,47.45,31.79,413194.6,276827.32,136367.28
Asia,Tajikistan,Personal Care,Online,M,6/30/2017,718031060,08-12-2017,202,81.73,56.67,16509.46,11447.34,5062.12
Middle East and North Africa,Libya,Beverages,Online,L,10/19/2014,183608424,10/25/2014,2668,47.45,31.79,126596.6,84815.72,41780.88
Sub-Saharan Africa,Niger,Office Supplies,Offline,H,4/16/2010,985521543,5/18/2010,6580,651.21,524.96,4284961.8,3454236.8,830725
Europe,France,Personal Care,Online,H,6/19/2011,898819243,07-05-2011,9443,81.73,56.67,771776.39,535134.81,236641.58
Asia,Brunei,Personal Care,Online,H,10-02-2011,918862855,10/19/2011,793,81.73,56.67,64811.89,44939.31,19872.58
Europe,Poland,Baby Food,Online,L,12/28/2016,311326205,1/30/2017,7197,255.28,159.42,1837250.16,1147345.74,689904.42
Middle East and North Africa,Libya,Clothes,Offline,M,5/19/2011,662195622,6/13/2011,7255,109.28,35.84,792826.4,260019.2,532807.2
Middle East and North Africa,Kuwait,Fruits,Offline,M,04-01-2014,927769935,05-12-2014,6596,9.33,6.92,61540.68,45644.32,15896.36
Middle East and North Africa,Qatar,Vegetables,Offline,H,9/17/2015,584660470,10/31/2015,2880,154.06,90.93,443692.8,261878.4,181814.4
Europe,Sweden,Cereal,Offline,L,9/21/2010,979791057,10/24/2010,802,205.7,117.11,164971.4,93922.22,71049.18
Asia,Taiwan,Office Supplies,Online,H,6/16/2010,380398023,07-09-2010,7083,651.21,524.96,4612520.43,3718291.68,894228.75
North America,United States of America,Cosmetics,Offline,L,10/16/2015,724030196,11-02-2015,5479,437.2,263.33,2395418.8,1442785.07,952633.73
Middle East and North Africa,Iran,Baby Food,Online,H,07-08-2013,868548905,08-06-2013,1777,255.28,159.42,453632.56,283289.34,170343.22
Sub-Saharan Africa,The Gambia,Household,Offline,C,06-07-2010,642127978,6/19/2010,8793,668.27,502.54,5876098.11,4418834.22,1457263.89
Australia and Oceania,Nauru,Household,Online,M,5/23/2014,393253743,6/28/2014,1376,668.27,502.54,919539.52,691495.04,228044.48
Sub-Saharan Africa,Mali,Personal Care,Offline,H,5/20/2015,540725028,5/22/2015,1407,81.73,56.67,114994.11,79734.69,35259.42
Middle East and North Africa,Turkey,Snacks,Offline,H,1/15/2012,223653161,2/16/2012,2795,152.58,97.44,426461.1,272344.8,154116.3
Central America and the Caribbean,Jamaica,Clothes,Online,M,5/30/2015,451461970,6/30/2015,6484,109.28,35.84,708571.52,232386.56,476184.96
Asia,Turkmenistan,Household,Offline,H,11/23/2014,953887784,12-11-2014,5448,668.27,502.54,3640734.96,2737837.92,902897.04
Europe,Italy,Clothes,Online,C,4/25/2012,630979430,4/29/2012,9690,109.28,35.84,1058923.2,347289.6,711633.6
Sub-Saharan Africa,Sudan,Baby Food,Online,H,7/24/2010,703098237,08-02-2010,1248,255.28,159.42,318589.44,198956.16,119633.28
Europe,Ukraine,Clothes,Online,H,5/15/2017,660918033,6/28/2017,9188,109.28,35.84,1004064.64,329297.92,674766.72
Asia,South Korea,Household,Online,M,04-04-2011,515425145,05-05-2011,4609,668.27,502.54,3080056.43,2316206.86,763849.57
Sub-Saharan Africa,Burundi,Clothes,Offline,C,6/13/2013,347918403,7/15/2013,5642,109.28,35.84,616557.76,202209.28,414348.48
Europe,Poland,Snacks,Offline,M,12/13/2015,760009133,01-03-2016,2446,152.58,97.44,373210.68,238338.24,134872.44
Sub-Saharan Africa,Namibia,Household,Online,H,08-10-2015,623621165,8/21/2015,2216,668.27,502.54,1480886.32,1113628.64,367257.68
Asia,Uzbekistan,Snacks,Offline,M,05-06-2010,230990827,06-05-2010,4174,152.58,97.44,636868.92,406714.56,230154.36
Asia,Taiwan,Baby Food,Online,H,07-03-2010,844666945,8/13/2010,4574,255.28,159.42,1167650.72,729187.08,438463.64
Europe,Kosovo,Meat,Online,L,05-05-2012,647510850,5/27/2012,1704,421.89,364.69,718900.56,621431.76,97468.8
Australia and Oceania,Samoa ,Beverages,Offline,M,12/24/2016,592696368,02-02-2017,881,47.45,31.79,41803.45,28006.99,13796.46
Sub-Saharan Africa,Guinea,Office Supplies,Offline,H,06-12-2011,353709828,07-06-2011,9453,651.21,524.96,6155888.13,4962446.88,1193441.25
Asia,Maldives,Meat,Offline,L,05-04-2010,574350059,6/14/2010,1801,421.89,364.69,759823.89,656806.69,103017.2
Asia,Mongolia,Cosmetics,Offline,H,03-09-2014,618728387,3/31/2014,4334,437.2,263.33,1894824.8,1141272.22,753552.58
Europe,Germany,Personal Care,Offline,C,3/17/2013,821268641,4/24/2013,496,81.73,56.67,40538.08,28108.32,12429.76
Europe,Iceland,Clothes,Offline,M,11-06-2013,236707150,11/26/2013,5761,109.28,35.84,629562.08,206474.24,423087.84
Australia and Oceania,Tonga,Personal Care,Online,M,3/31/2012,690092742,05-09-2012,2633,81.73,56.67,215195.09,149212.11,65982.98
Australia and Oceania,Marshall Islands,Cereal,Offline,C,03-09-2013,926786744,04-07-2013,5648,205.7,117.11,1161793.6,661437.28,500356.32
Europe,Kosovo,Beverages,Online,L,2/26/2011,662462985,03-11-2011,6374,47.45,31.79,302446.3,202629.46,99816.84
Europe,France,Snacks,Offline,L,11-05-2016,133107793,12-01-2016,8409,152.58,97.44,1283045.22,819372.96,463672.26
Middle East and North Africa,Somalia,Meat,Online,L,07-09-2015,545019996,8/21/2015,2383,421.89,364.69,1005363.87,869056.27,136307.6
Europe,Ireland,Office Supplies,Online,C,3/19/2016,924810922,05-08-2016,958,651.21,524.96,623859.18,502911.68,120947.5
Europe,Romania,Cosmetics,Online,C,02-09-2010,369404399,03-04-2010,3825,437.2,263.33,1672290,1007237.25,665052.75
Asia,Philippines,Cereal,Online,M,2/26/2012,296036756,2/26/2012,2709,205.7,117.11,557241.3,317250.99,239990.31
Middle East and North Africa,Tunisia ,Office Supplies,Offline,H,11/14/2011,392256820,11/24/2011,6365,651.21,524.96,4144951.65,3341370.4,803581.25
Sub-Saharan Africa,Madagascar,Meat,Offline,H,12/26/2014,865925920,02-07-2015,5577,421.89,364.69,2352880.53,2033876.13,319004.4
Asia,Bhutan,Personal Care,Offline,L,12-06-2016,195217883,12/31/2016,8165,81.73,56.67,667325.45,462710.55,204614.9
Asia,Indonesia,Personal Care,Offline,H,3/17/2014,978619039,3/18/2014,3975,81.73,56.67,324876.75,225263.25,99613.5
Europe,Macedonia,Personal Care,Online,H,9/27/2015,484928214,11/16/2015,9890,81.73,56.67,808309.7,560466.3,247843.4
Central America and the Caribbean,Grenada,Meat,Offline,L,05-11-2016,103256738,5/26/2016,4818,421.89,364.69,2032666.02,1757076.42,275589.6
Europe,Lithuania,Vegetables,Offline,L,10-09-2015,393028438,11-07-2015,4704,154.06,90.93,724698.24,427734.72,296963.52
Central America and the Caribbean,The Bahamas,Personal Care,Online,M,9/22/2014,633979642,10/27/2014,7519,81.73,56.67,614527.87,426101.73,188426.14
Middle East and North Africa,Algeria,Fruits,Online,L,04-07-2011,176159179,4/25/2011,8270,9.33,6.92,77159.1,57228.4,19930.7
Middle East and North Africa,Kuwait,Household,Online,M,1/22/2012,689928376,2/16/2012,3993,668.27,502.54,2668402.11,2006642.22,661759.89
Asia,Maldives,Personal Care,Online,H,6/27/2013,315961062,08-06-2013,8755,81.73,56.67,715546.15,496145.85,219400.3
Asia,Maldives,Vegetables,Online,L,12/30/2012,415243566,01-10-2013,8654,154.06,90.93,1333235.24,786908.22,546327.02
Sub-Saharan Africa,Seychelles ,Meat,Offline,M,11/19/2012,619074714,12/14/2012,6820,421.89,364.69,2877289.8,2487185.8,390104
Australia and Oceania,Vanuatu,Cosmetics,Offline,L,07-06-2016,179065835,08-06-2016,8415,437.2,263.33,3679038,2215921.95,1463116.05
Europe,Moldova ,Household,Online,M,12-11-2016,217140758,12/28/2016,5630,668.27,502.54,3762360.1,2829300.2,933059.9
Asia,Bangladesh,Cereal,Online,C,11/20/2015,575535809,12/26/2015,2691,205.7,117.11,553538.7,315143.01,238395.69
Australia and Oceania,Federated States of Micronesia,Household,Offline,C,4/27/2012,266799819,5/23/2012,850,668.27,502.54,568029.5,427159,140870.5
Europe,Latvia,Cosmetics,Online,M,11/14/2013,623794114,12/24/2013,3395,437.2,263.33,1484294,894005.35,590288.65
Sub-Saharan Africa,Senegal,Clothes,Offline,C,4/15/2010,349692523,05-04-2010,643,109.28,35.84,70267.04,23045.12,47221.92
Sub-Saharan Africa,Djibouti,Baby Food,Online,C,02-09-2015,467981374,2/27/2015,4943,255.28,159.42,1261849.04,788013.06,473835.98
Sub-Saharan Africa,Mozambique,Beverages,Online,C,06-06-2016,272459495,07-05-2016,5674,47.45,31.79,269231.3,180376.46,88854.84
Sub-Saharan Africa,Mauritania,Baby Food,Offline,M,12/29/2010,477238214,01-07-2011,4248,255.28,159.42,1084429.44,677216.16,407213.28
Sub-Saharan Africa,Guinea-Bissau,Baby Food,Online,C,07-10-2015,966741359,07-12-2015,9106,255.28,159.42,2324579.68,1451678.52,872901.16
Sub-Saharan Africa,Burundi,Vegetables,Offline,H,07-11-2017,345705258,7/26/2017,723,154.06,90.93,111385.38,65742.39,45642.99
Sub-Saharan Africa,Swaziland,Meat,Online,M,12-07-2016,889178740,1/20/2017,6604,421.89,364.69,2786161.56,2408412.76,377748.8
Central America and the Caribbean,Saint Lucia,Snacks,Online,C,9/29/2014,892523133,11/16/2014,6284,152.58,97.44,958812.72,612312.96,346499.76
Central America and the Caribbean,Dominica,Household,Online,L,10/17/2016,521412265,11-11-2016,6331,668.27,502.54,4230817.37,3181580.74,1049236.63
Middle East and North Africa,Tunisia ,Fruits,Offline,H,11-10-2014,461832463,12/15/2014,5344,9.33,6.92,49859.52,36980.48,12879.04
Central America and the Caribbean,Antigua and Barbuda ,Household,Online,L,2/13/2013,570082557,03-12-2013,8952,668.27,502.54,5982353.04,4498738.08,1483614.96
Europe,Belgium,Beverages,Online,C,11-02-2016,322773873,11/15/2016,4817,47.45,31.79,228566.65,153132.43,75434.22
Sub-Saharan Africa,Chad,Cereal,Online,H,5/25/2013,166830241,07-09-2013,7631,205.7,117.11,1569696.7,893666.41,676030.29
Sub-Saharan Africa,Rwanda,Baby Food,Online,H,12/20/2013,169487988,1/24/2014,4117,255.28,159.42,1050987.76,656332.14,394655.62
Middle East and North Africa,Oman,Meat,Offline,M,11-08-2011,468295943,12/14/2011,8031,421.89,364.69,3388198.59,2928825.39,459373.2
Middle East and North Africa,Jordan,Office Supplies,Online,M,7/27/2016,821115434,08-09-2016,5159,651.21,524.96,3359592.39,2708268.64,651323.75
Europe,United Kingdom,Vegetables,Online,H,03-10-2012,156120288,3/30/2012,8317,154.06,90.93,1281317.02,756264.81,525052.21
Sub-Saharan Africa,South Sudan,Clothes,Offline,H,2/22/2014,621796834,3/18/2014,2356,109.28,35.84,257463.68,84439.04,173024.64
Europe,Belarus,Office Supplies,Online,C,06-03-2012,836943900,07-03-2012,9154,651.21,524.96,5961176.34,4805483.84,1155692.5
Sub-Saharan Africa,Republic of the Congo,Meat,Offline,M,3/24/2013,840672814,3/29/2013,2622,421.89,364.69,1106195.58,956217.18,149978.4
Europe,Poland,Household,Online,L,6/18/2012,742407405,6/26/2012,3704,668.27,502.54,2475272.08,1861408.16,613863.92
Sub-Saharan Africa,Ethiopia,Snacks,Online,H,09-04-2014,271884000,9/13/2014,5372,152.58,97.44,819659.76,523447.68,296212.08
Middle East and North Africa,Jordan,Meat,Offline,C,02-12-2014,129151427,2/26/2014,7632,421.89,364.69,3219864.48,2783314.08,436550.4
Europe,Armenia,Personal Care,Offline,H,09-02-2013,634571015,10/20/2013,2520,81.73,56.67,205959.6,142808.4,63151.2
Sub-Saharan Africa,Zimbabwe,Fruits,Offline,H,07-04-2013,378816592,7/22/2013,9103,9.33,6.92,84930.99,62992.76,21938.23
Sub-Saharan Africa,Sierra Leone,Office Supplies,Online,M,11-09-2014,272874486,12/27/2014,8479,651.21,524.96,5521609.59,4451135.84,1070473.75
Europe,Bosnia and Herzegovina,Baby Food,Offline,C,3/24/2016,398043525,5/13/2016,8779,255.28,159.42,2241103.12,1399548.18,841554.94
Europe,Belgium,Clothes,Online,M,03-12-2017,455935037,4/29/2017,164,109.28,35.84,17921.92,5877.76,12044.16
Europe,Belarus,Office Supplies,Online,H,08-12-2014,218472850,8/17/2014,9826,651.21,524.96,6398789.46,5158256.96,1240532.5
Central America and the Caribbean,Panama,Household,Online,L,12/21/2013,877893292,02-08-2014,6989,668.27,502.54,4670539.03,3512252.06,1158286.97
Asia,North Korea,Cereal,Offline,L,6/21/2010,996745193,08-03-2010,7907,205.7,117.11,1626469.9,925988.77,700481.13
Middle East and North Africa,Egypt,Cosmetics,Online,M,07-07-2015,557889878,7/21/2015,867,437.2,263.33,379052.4,228307.11,150745.29
Asia,Bhutan,Vegetables,Online,H,1/26/2015,514501178,2/25/2015,1187,154.06,90.93,182869.22,107933.91,74935.31
Europe,Portugal,Snacks,Offline,H,4/26/2011,540065419,5/15/2011,6214,152.58,97.44,948132.12,605492.16,342639.96
Sub-Saharan Africa,Niger,Cereal,Offline,C,4/14/2011,378381431,4/14/2011,329,205.7,117.11,67675.3,38529.19,29146.11
Europe,Bosnia and Herzegovina,Cosmetics,Online,C,6/29/2015,293560540,07-02-2015,9942,437.2,263.33,4346642.4,2618026.86,1728615.54
Europe,Poland,Fruits,Offline,C,03-02-2014,620026576,4/20/2014,8497,9.33,6.92,79277.01,58799.24,20477.77
Sub-Saharan Africa,Gabon,Cosmetics,Online,C,10-01-2013,412515866,10/18/2013,1467,437.2,263.33,641372.4,386305.11,255067.29
Asia,South Korea,Cosmetics,Offline,H,5/20/2010,596077239,6/20/2010,1356,437.2,263.33,592843.2,357075.48,235767.72
Asia,Sri Lanka,Beverages,Online,H,06-01-2016,816072022,6/25/2016,2701,47.45,31.79,128162.45,85864.79,42297.66
Asia,South Korea,Fruits,Offline,M,3/13/2011,788174045,3/31/2011,7070,9.33,6.92,65963.1,48924.4,17038.7
Australia and Oceania,Australia,Beverages,Offline,C,12/27/2012,748369634,12/27/2012,8060,47.45,31.79,382447,256227.4,126219.6
Asia,Thailand,Meat,Online,M,8/18/2014,102957618,9/30/2014,6302,421.89,364.69,2658750.78,2298276.38,360474.4
Australia and Oceania,Tonga,Personal Care,Offline,H,01-03-2010,578549325,02-06-2010,4457,81.73,56.67,364270.61,252578.19,111692.42
Middle East and North Africa,Lebanon,Clothes,Offline,C,01-07-2013,372068583,2/25/2013,2217,109.28,35.84,242273.76,79457.28,162816.48
Europe,Greece,Cosmetics,Offline,C,11/25/2015,900751721,12/22/2015,1306,437.2,263.33,570983.2,343908.98,227074.22
Europe,Norway,Office Supplies,Offline,M,9/29/2015,952147567,11-12-2015,479,651.21,524.96,311929.59,251455.84,60473.75
Europe,Finland,Meat,Offline,H,9/13/2010,734117448,10/24/2010,521,421.89,364.69,219804.69,190003.49,29801.2
Europe,Bosnia and Herzegovina,Snacks,Offline,M,05-09-2011,524835193,6/25/2011,9251,152.58,97.44,1411517.58,901417.44,510100.14
Europe,Slovakia,Fruits,Online,M,3/14/2014,222787129,3/17/2014,6517,9.33,6.92,60803.61,45097.64,15705.97
Europe,Montenegro,Baby Food,Online,M,01-05-2013,696772086,2/15/2013,9199,255.28,159.42,2348320.72,1466504.58,881816.14
Central America and the Caribbean,Dominican Republic,Snacks,Offline,L,3/19/2010,635901391,3/21/2010,6208,152.58,97.44,947216.64,604907.52,342309.12
Sub-Saharan Africa,Guinea-Bissau,Clothes,Offline,L,1/22/2013,599598872,02-12-2013,3486,109.28,35.84,380950.08,124938.24,256011.84
Sub-Saharan Africa,Chad,Office Supplies,Offline,H,9/30/2014,767600858,11-09-2014,9006,651.21,524.96,5864797.26,4727789.76,1137007.5
Europe,Slovakia,Personal Care,Online,H,4/20/2013,489956176,06-02-2013,7775,81.73,56.67,635450.75,440609.25,194841.5
Asia,Thailand,Clothes,Online,H,5/28/2015,537026154,6/24/2015,6828,109.28,35.84,746163.84,244715.52,501448.32
Asia,Brunei,Clothes,Offline,C,06-07-2017,849484622,07-05-2017,232,109.28,35.84,25352.96,8314.88,17038.08
Europe,Macedonia,Clothes,Online,M,10/31/2016,988317906,12-12-2016,4086,109.28,35.84,446518.08,146442.24,300075.84
Asia,Brunei,Fruits,Offline,H,11/25/2015,584824836,12-01-2015,1520,9.33,6.92,14181.6,10518.4,3663.2
Europe,Greece,Personal Care,Online,M,06-04-2010,690616738,6/26/2010,7695,81.73,56.67,628912.35,436075.65,192836.7
Europe,Malta,Baby Food,Offline,H,03-09-2016,627617442,04-04-2016,4803,255.28,159.42,1226109.84,765694.26,460415.58
Asia,India,Meat,Offline,C,03-06-2012,238063275,3/24/2012,7068,421.89,364.69,2981918.52,2577628.92,404289.6
Europe,Macedonia,Office Supplies,Offline,C,07-11-2012,334503066,8/21/2012,5745,651.21,524.96,3741201.45,3015895.2,725306.25
Sub-Saharan Africa,Comoros,Office Supplies,Online,L,04-11-2017,449798142,5/26/2017,4121,651.21,524.96,2683636.41,2163360.16,520276.25
Europe,Malta,Clothes,Online,M,03-08-2016,187122333,3/30/2016,2511,109.28,35.84,274402.08,89994.24,184407.84
Australia and Oceania,Nauru,Baby Food,Online,C,3/20/2015,569961965,4/16/2015,3266,255.28,159.42,833744.48,520665.72,313078.76
Asia,Sri Lanka,Cereal,Online,C,1/15/2010,892115867,1/17/2010,5765,205.7,117.11,1185860.5,675139.15,510721.35
Central America and the Caribbean,Barbados,Personal Care,Online,L,7/14/2012,967695367,7/18/2012,1418,81.73,56.67,115893.14,80358.06,35535.08
Europe,Lithuania,Fruits,Online,L,9/19/2016,681124293,10/15/2016,8669,9.33,6.92,80881.77,59989.48,20892.29
Central America and the Caribbean,El Salvador,Office Supplies,Offline,H,02-03-2010,437138974,03-01-2010,7992,651.21,524.96,5204470.32,4195480.32,1008990
Europe,Slovakia,Household,Offline,C,4/22/2015,710788238,4/22/2015,6890,668.27,502.54,4604380.3,3462500.6,1141879.7
Europe,Estonia,Fruits,Online,C,8/21/2010,697433412,8/28/2010,4900,9.33,6.92,45717,33908,11809
Sub-Saharan Africa,Lesotho,Household,Online,H,1/27/2017,562748324,3/13/2017,8590,668.27,502.54,5740439.3,4316818.6,1423620.7
Europe,Georgia,Beverages,Offline,C,3/29/2011,992719304,4/21/2011,6557,47.45,31.79,311129.65,208447.03,102682.62
Australia and Oceania,Papua New Guinea,Fruits,Online,H,6/20/2012,943645179,7/31/2012,4433,9.33,6.92,41359.89,30676.36,10683.53
Europe,Montenegro,Household,Offline,C,11/13/2010,792137277,11/24/2010,9878,668.27,502.54,6601171.06,4964090.12,1637080.94
Australia and Oceania,Palau,Cosmetics,Offline,L,7/18/2016,985119426,8/22/2016,7584,437.2,263.33,3315724.8,1997094.72,1318630.08
Central America and the Caribbean,Saint Kitts and Nevis ,Household,Online,M,5/19/2010,689827954,6/13/2010,4276,668.27,502.54,2857522.52,2148861.04,708661.48
Australia and Oceania,Nauru,Cereal,Online,M,12/18/2015,943811690,1/21/2016,3708,205.7,117.11,762735.6,434243.88,328491.72
Middle East and North Africa,Yemen,Baby Food,Online,C,07-10-2012,604931962,08-05-2012,1665,255.28,159.42,425041.2,265434.3,159606.9
Europe,Georgia,Cosmetics,Online,M,06-03-2014,401362597,06-09-2014,967,437.2,263.33,422772.4,254640.11,168132.29
Sub-Saharan Africa,Seychelles ,Cereal,Offline,H,5/16/2014,681589925,6/26/2014,6460,205.7,117.11,1328822,756530.6,572291.4
Sub-Saharan Africa,Rwanda,Office Supplies,Online,L,07-05-2017,964412772,08-09-2017,26,651.21,524.96,16931.46,13648.96,3282.5
Middle East and North Africa,Saudi Arabia,Office Supplies,Online,H,11/21/2014,388942468,11/28/2014,5574,651.21,524.96,3629844.54,2926127.04,703717.5
Europe,Georgia,Household,Online,H,7/25/2017,864602839,08-09-2017,4048,668.27,502.54,2705156.96,2034281.92,670875.04
Europe,Malta,Fruits,Online,L,12-07-2014,321130216,01-03-2015,8422,9.33,6.92,78577.26,58280.24,20297.02
Asia,South Korea,Office Supplies,Online,M,5/23/2016,358573424,5/26/2016,8699,651.21,524.96,5664875.79,4566627.04,1098248.75
Sub-Saharan Africa,Eritrea,Vegetables,Online,M,04-03-2017,397293794,4/17/2017,6917,154.06,90.93,1065633.02,628962.81,436670.21
Europe,Iceland,Baby Food,Offline,M,02-12-2010,827965152,03-03-2010,2142,255.28,159.42,546809.76,341477.64,205332.12
Sub-Saharan Africa,Djibouti,Vegetables,Online,L,05-10-2011,761573827,6/22/2011,5474,154.06,90.93,843324.44,497750.82,345573.62
Australia and Oceania,Tuvalu,Office Supplies,Offline,H,11/27/2011,279418647,01-12-2012,5042,651.21,524.96,3283400.82,2646848.32,636552.5
Middle East and North Africa,Lebanon,Clothes,Offline,L,05-06-2011,883110940,05-09-2011,1007,109.28,35.84,110044.96,36090.88,73954.08
Sub-Saharan Africa,Mozambique,Vegetables,Online,L,02-03-2014,544574534,03-03-2014,561,154.06,90.93,86427.66,51011.73,35415.93
Middle East and North Africa,Kuwait,Household,Online,M,07-03-2010,456045758,8/18/2010,2929,668.27,502.54,1957362.83,1471939.66,485423.17
Asia,North Korea,Meat,Offline,H,11/29/2010,980073440,12/20/2010,4365,421.89,364.69,1841549.85,1591871.85,249678
Asia,Brunei,Baby Food,Offline,H,08-02-2011,299518907,09-05-2011,3155,255.28,159.42,805408.4,502970.1,302438.3
Asia,Philippines,Baby Food,Online,M,8/19/2013,267555987,10-06-2013,4617,255.28,159.42,1178627.76,736042.14,442585.62
Middle East and North Africa,Morocco,Meat,Offline,L,8/30/2011,557671010,10-12-2011,6099,421.89,364.69,2573107.11,2224244.31,348862.8
Central America and the Caribbean,Saint Vincent and the Grenadines,Beverages,Offline,L,9/13/2012,913662803,10/21/2012,1982,47.45,31.79,94045.9,63007.78,31038.12
Central America and the Caribbean,Dominican Republic,Vegetables,Offline,C,04-09-2017,699642693,4/21/2017,8675,154.06,90.93,1336470.5,788817.75,547652.75
Central America and the Caribbean,Honduras,Baby Food,Online,M,08-07-2015,250034511,9/13/2015,9623,255.28,159.42,2456559.44,1534098.66,922460.78
Middle East and North Africa,Kuwait,Snacks,Online,L,2/15/2014,419574582,3/30/2014,298,152.58,97.44,45468.84,29037.12,16431.72
Middle East and North Africa,Israel,Beverages,Online,M,7/24/2016,333311736,7/25/2016,3204,47.45,31.79,152029.8,101855.16,50174.64
Europe,Estonia,Beverages,Online,C,7/18/2012,536607301,09-04-2012,2880,47.45,31.79,136656,91555.2,45100.8
Sub-Saharan Africa,Kenya,Snacks,Online,L,9/17/2011,745135104,9/19/2011,891,152.58,97.44,135948.78,86819.04,49129.74
Central America and the Caribbean,Antigua and Barbuda ,Cosmetics,Offline,M,03-07-2017,294881474,03-09-2017,836,437.2,263.33,365499.2,220143.88,145355.32
Asia,Maldives,Clothes,Online,M,3/19/2014,392145240,04-09-2014,3346,109.28,35.84,365650.88,119920.64,245730.24
Central America and the Caribbean,Trinidad and Tobago,Baby Food,Offline,C,11-06-2011,963537728,12/23/2011,1081,255.28,159.42,275957.68,172333.02,103624.66
Australia and Oceania,Vanuatu,Meat,Online,H,5/27/2016,205982768,5/30/2016,3733,421.89,364.69,1574915.37,1361387.77,213527.6
Sub-Saharan Africa,Cameroon,Meat,Offline,C,7/19/2012,436716687,8/19/2012,3027,421.89,364.69,1277061.03,1103916.63,173144.4
Sub-Saharan Africa,Republic of the Congo,Personal Care,Online,C,07-07-2012,443288314,07-12-2012,7718,81.73,56.67,630792.14,437379.06,193413.08
Australia and Oceania,Nauru,Household,Online,M,6/18/2014,433558976,07-06-2014,8591,668.27,502.54,5741107.57,4317321.14,1423786.43
Sub-Saharan Africa,Benin,Fruits,Offline,M,10/27/2013,685702502,12/13/2013,3463,9.33,6.92,32309.79,23963.96,8345.83
Asia,Bhutan,Cosmetics,Offline,H,8/30/2014,198205220,10-03-2014,2184,437.2,263.33,954844.8,575112.72,379732.08
Europe,United Kingdom,Personal Care,Online,C,10-06-2010,739865958,10/16/2010,1633,81.73,56.67,133465.09,92542.11,40922.98
Central America and the Caribbean,Saint Kitts and Nevis ,Vegetables,Online,C,02-10-2012,999796044,2/29/2012,722,154.06,90.93,111231.32,65651.46,45579.86
Middle East and North Africa,Lebanon,Vegetables,Offline,L,10/29/2010,637419307,12-09-2010,5393,154.06,90.93,830845.58,490385.49,340460.09
Sub-Saharan Africa,Zimbabwe,Vegetables,Offline,M,3/29/2015,732472074,4/20/2015,3619,154.06,90.93,557543.14,329075.67,228467.47
Sub-Saharan Africa,Swaziland,Cereal,Offline,H,10/25/2015,635003173,12-10-2015,405,205.7,117.11,83308.5,47429.55,35878.95
Asia,Tajikistan,Cereal,Online,H,8/27/2011,215373933,09-03-2011,2788,205.7,117.11,573491.6,326502.68,246988.92
Asia,Bangladesh,Cereal,Offline,L,4/13/2014,314258182,5/27/2014,4834,205.7,117.11,994353.8,566109.74,428244.06
Sub-Saharan Africa,Mauritius ,Fruits,Online,H,7/27/2013,492642247,7/28/2013,2643,9.33,6.92,24659.19,18289.56,6369.63
Middle East and North Africa,Qatar,Fruits,Offline,H,10/25/2011,381824958,11-11-2011,9345,9.33,6.92,87188.85,64667.4,22521.45
Sub-Saharan Africa,Malawi,Fruits,Online,M,5/19/2012,133417642,6/30/2012,100,9.33,6.92,933,692,241
Europe,Serbia,Meat,Online,H,11/27/2015,869344127,12-09-2015,7101,421.89,364.69,2995840.89,2589663.69,406177.2
Asia,Tajikistan,Cosmetics,Offline,H,07-08-2016,631840741,08-07-2016,4571,437.2,263.33,1998441.2,1203681.43,794759.77
Australia and Oceania,Federated States of Micronesia,Vegetables,Offline,M,3/15/2013,233456313,4/18/2013,3766,154.06,90.93,580189.96,342442.38,237747.58
Asia,Mongolia,Beverages,Offline,H,08-01-2013,107052171,8/30/2013,7971,47.45,31.79,378223.95,253398.09,124825.86
Asia,Kazakhstan,Baby Food,Offline,H,12/26/2014,755802142,12/30/2014,7504,255.28,159.42,1915621.12,1196287.68,719333.44
Middle East and North Africa,Somalia,Cosmetics,Offline,C,10/19/2015,503192555,11-03-2015,4714,437.2,263.33,2060960.8,1241337.62,819623.18
Europe,Poland,Meat,Online,H,09-11-2011,443022239,9/15/2011,8980,421.89,364.69,3788572.2,3274916.2,513656
Europe,Ireland,Office Supplies,Offline,M,7/21/2014,389402520,8/17/2014,1714,651.21,524.96,1116173.94,899781.44,216392.5
Asia,Philippines,Household,Online,L,10/24/2010,226757228,11/22/2010,1358,668.27,502.54,907510.66,682449.32,225061.34
Central America and the Caribbean,Belize,Household,Offline,L,9/14/2010,359822690,9/29/2010,8385,668.27,502.54,5603443.95,4213797.9,1389646.05
Middle East and North Africa,Algeria,Baby Food,Offline,L,2/24/2014,363647735,3/31/2014,301,255.28,159.42,76839.28,47985.42,28853.86
Asia,Philippines,Beverages,Online,H,7/29/2014,333593690,09-12-2014,6641,47.45,31.79,315115.45,211117.39,103998.06
Asia,Kazakhstan,Clothes,Offline,C,04-03-2010,435334384,5/16/2010,3973,109.28,35.84,434169.44,142392.32,291777.12
Europe,United Kingdom,Clothes,Online,H,09-01-2015,454856145,10-10-2015,896,109.28,35.84,97914.88,32112.64,65802.24
Europe,Netherlands,Baby Food,Online,C,4/15/2012,248457801,5/19/2012,3039,255.28,159.42,775795.92,484477.38,291318.54
Central America and the Caribbean,Saint Kitts and Nevis ,Personal Care,Offline,H,12-10-2012,192750680,1/17/2013,8064,81.73,56.67,659070.72,456986.88,202083.84
Europe,Austria,Meat,Offline,L,08-05-2012,734658610,08-08-2012,663,421.89,364.69,279713.07,241789.47,37923.6
Europe,Spain,Personal Care,Online,C,11-01-2014,141417920,12/14/2014,7560,81.73,56.67,617878.8,428425.2,189453.6
Sub-Saharan Africa,Ethiopia,Snacks,Online,M,12/21/2012,350577437,12/30/2012,2509,152.58,97.44,382823.22,244476.96,138346.26
Europe,Lithuania,Clothes,Offline,C,07-09-2016,219998490,7/25/2016,1297,109.28,35.84,141736.16,46484.48,95251.68
Middle East and North Africa,Syria,Cosmetics,Online,C,2/15/2017,477854907,03-07-2017,6741,437.2,263.33,2947165.2,1775107.53,1172057.67
Sub-Saharan Africa,Zambia,Personal Care,Online,L,1/26/2015,572633016,03-02-2015,3689,81.73,56.67,301501.97,209055.63,92446.34
Europe,Poland,Personal Care,Offline,C,6/30/2015,923131644,7/18/2015,4022,81.73,56.67,328718.06,227926.74,100791.32
Sub-Saharan Africa,Mauritania,Meat,Offline,H,01-08-2017,668462121,2/14/2017,1651,421.89,364.69,696540.39,602103.19,94437.2
Europe,Bulgaria,Beverages,Offline,H,7/26/2015,818048274,9/14/2015,7518,47.45,31.79,356729.1,238997.22,117731.88
Middle East and North Africa,Bahrain,Clothes,Online,M,8/31/2015,201626431,9/24/2015,4597,109.28,35.84,502360.16,164756.48,337603.68
Australia and Oceania,Tonga,Personal Care,Offline,C,7/27/2011,419245421,8/15/2011,2892,81.73,56.67,236363.16,163889.64,72473.52
Middle East and North Africa,Yemen,Fruits,Offline,C,9/28/2013,891266572,10-06-2013,4439,9.33,6.92,41415.87,30717.88,10697.99
Sub-Saharan Africa,Togo,Beverages,Offline,C,10-10-2014,208363711,11/29/2014,8307,47.45,31.79,394167.15,264079.53,130087.62
Sub-Saharan Africa,Benin,Meat,Offline,H,11/26/2015,181523168,12-12-2015,5594,421.89,364.69,2360052.66,2040075.86,319976.8
Sub-Saharan Africa,Djibouti,Beverages,Offline,L,8/19/2015,892043769,09-08-2015,4429,47.45,31.79,210156.05,140797.91,69358.14
Middle East and North Africa,Bahrain,Baby Food,Online,M,7/15/2013,241536843,8/21/2013,4974,255.28,159.42,1269762.72,792955.08,476807.64
Europe,Luxembourg,Meat,Offline,M,1/17/2014,701926219,2/14/2014,4421,421.89,364.69,1865175.69,1612294.49,252881.2
Sub-Saharan Africa,Mauritius ,Beverages,Offline,H,1/29/2015,765448224,2/18/2015,1994,47.45,31.79,94615.3,63389.26,31226.04
Asia,Sri Lanka,Baby Food,Online,M,10/29/2011,794651687,11/27/2011,3948,255.28,159.42,1007845.44,629390.16,378455.28
Australia and Oceania,Australia,Cereal,Online,M,9/14/2015,772397935,10/15/2015,8568,205.7,117.11,1762437.6,1003398.48,759039.12
Middle East and North Africa,Turkey,Clothes,Offline,C,09-01-2012,751860797,10/15/2012,1173,109.28,35.84,128185.44,42040.32,86145.12
Asia,India,Fruits,Online,M,6/24/2012,406526601,08-08-2012,9110,9.33,6.92,84996.3,63041.2,21955.1
Europe,Vatican City,Beverages,Offline,L,08-04-2014,380194175,08-06-2014,6760,47.45,31.79,320762,214900.4,105861.6
Australia and Oceania,Kiribati,Clothes,Offline,H,12/14/2011,936974847,02-02-2012,534,109.28,35.84,58355.52,19138.56,39216.96
Sub-Saharan Africa,Rwanda,Cereal,Online,C,07-03-2017,611292445,07-05-2017,3874,205.7,117.11,796881.8,453684.14,343197.66
Sub-Saharan Africa,Chad,Clothes,Offline,L,12/21/2014,257883298,02-05-2015,2253,109.28,35.84,246207.84,80747.52,165460.32
Europe,Ireland,Snacks,Offline,C,8/23/2015,801796233,10-12-2015,8178,152.58,97.44,1247799.24,796864.32,450934.92
Central America and the Caribbean,Jamaica,Cosmetics,Online,L,9/21/2016,988392579,11-09-2016,6183,437.2,263.33,2703207.6,1628169.39,1075038.21
Central America and the Caribbean,Belize,Meat,Online,C,09-12-2012,533346164,9/26/2012,7837,421.89,364.69,3306351.93,2858075.53,448276.4
Middle East and North Africa,Tunisia ,Personal Care,Online,M,04-10-2014,572643315,5/13/2014,6737,81.73,56.67,550615.01,381785.79,168829.22
Asia,Myanmar,Cereal,Online,C,04-09-2014,512582862,05-07-2014,3514,205.7,117.11,722829.8,411524.54,311305.26
Europe,Italy,Meat,Online,C,2/27/2014,279776132,04-05-2014,829,421.89,364.69,349746.81,302328.01,47418.8
Sub-Saharan Africa,Sao Tome and Principe,Office Supplies,Offline,C,09-08-2012,771146953,10/14/2012,8375,651.21,524.96,5453883.75,4396540,1057343.75
Asia,Maldives,Baby Food,Online,H,3/29/2017,703931653,04-10-2017,7874,255.28,159.42,2010074.72,1255273.08,754801.64
Asia,Kazakhstan,Snacks,Online,C,05-02-2017,665679061,6/16/2017,8082,152.58,97.44,1233151.56,787510.08,445641.48
Central America and the Caribbean,Nicaragua,Cereal,Offline,C,2/15/2011,864250504,03-09-2011,9785,205.7,117.11,2012774.5,1145921.35,866853.15
Asia,Myanmar,Snacks,Offline,L,10-05-2016,677819812,10/30/2016,800,152.58,97.44,122064,77952,44112
Central America and the Caribbean,Dominica,Fruits,Online,H,08-07-2015,904873311,9/19/2015,976,9.33,6.92,9106.08,6753.92,2352.16
Sub-Saharan Africa,Angola,Vegetables,Offline,L,7/22/2016,614209830,7/30/2016,7193,154.06,90.93,1108153.58,654059.49,454094.09
Sub-Saharan Africa,Gabon,Baby Food,Online,L,6/25/2014,294940698,07-08-2014,8362,255.28,159.42,2134651.36,1333070.04,801581.32
Sub-Saharan Africa,Cameroon,Cosmetics,Online,H,8/20/2016,506489741,9/29/2016,425,437.2,263.33,185810,111915.25,73894.75
Middle East and North Africa,Israel,Meat,Online,L,3/16/2016,528593289,4/18/2016,1356,421.89,364.69,572082.84,494519.64,77563.2
Europe,France,Snacks,Online,M,3/24/2011,611300170,4/19/2011,6160,152.58,97.44,939892.8,600230.4,339662.4
Middle East and North Africa,Iran,Personal Care,Online,H,12-12-2015,624971711,12/27/2015,1872,81.73,56.67,152998.56,106086.24,46912.32
Asia,Kyrgyzstan,Personal Care,Online,C,08-08-2011,510281741,9/14/2011,2562,81.73,56.67,209392.26,145188.54,64203.72
Europe,Andorra,Baby Food,Online,M,10-12-2010,728216588,11/20/2010,4326,255.28,159.42,1104341.28,689650.92,414690.36
Europe,Sweden,Office Supplies,Online,M,10-11-2015,910075080,10/16/2015,295,651.21,524.96,192106.95,154863.2,37243.75
Europe,Belgium,Cereal,Offline,L,10/23/2014,307468545,12-01-2014,5630,205.7,117.11,1158091,659329.3,498761.7
Central America and the Caribbean,Guatemala,Fruits,Online,L,02-04-2016,942320811,03-01-2016,2523,9.33,6.92,23539.59,17459.16,6080.43
Europe,Andorra,Beverages,Online,L,10-03-2013,856868207,10/21/2013,5199,47.45,31.79,246692.55,165276.21,81416.34
North America,Mexico,Office Supplies,Online,H,05-10-2014,863659560,5/15/2014,4911,651.21,524.96,3198092.31,2578078.56,620013.75
Europe,United Kingdom,Personal Care,Offline,H,5/13/2010,495556199,6/23/2010,4947,81.73,56.67,404318.31,280346.49,123971.82
Sub-Saharan Africa,Equatorial Guinea,Office Supplies,Online,M,04-04-2014,255731952,4/18/2014,5622,651.21,524.96,3661102.62,2951325.12,709777.5
Central America and the Caribbean,Dominica,Personal Care,Online,H,11-07-2016,267673146,12-08-2016,9287,81.73,56.67,759026.51,526294.29,232732.22
Sub-Saharan Africa,Sierra Leone,Cereal,Offline,C,10/27/2013,725178611,11/30/2013,5321,205.7,117.11,1094529.7,623142.31,471387.39
Middle East and North Africa,United Arab Emirates,Office Supplies,Offline,M,1/15/2017,542359673,02-12-2017,5135,651.21,524.96,3343963.35,2695669.6,648293.75
Sub-Saharan Africa,Sao Tome and Principe,Fruits,Online,H,12/15/2012,503640162,12/24/2012,7171,9.33,6.92,66905.43,49623.32,17282.11
Central America and the Caribbean,Guatemala,Cereal,Online,H,10/15/2011,113756406,11/17/2011,1903,205.7,117.11,391447.1,222860.33,168586.77
Sub-Saharan Africa,South Sudan,Meat,Online,C,6/19/2013,747757232,08-06-2013,6837,421.89,364.69,2884461.93,2493385.53,391076.4
Sub-Saharan Africa,Zimbabwe,Household,Offline,L,06-01-2011,701003968,06-10-2011,1507,668.27,502.54,1007082.89,757327.78,249755.11
Europe,Greece,Cereal,Online,C,6/24/2011,139170444,07-12-2011,2482,205.7,117.11,510547.4,290667.02,219880.38
Sub-Saharan Africa,Ethiopia,Clothes,Offline,L,12/29/2012,648242986,1/31/2013,8360,109.28,35.84,913580.8,299622.4,613958.4
Australia and Oceania,Tuvalu,Baby Food,Online,C,7/31/2012,284520423,08-04-2012,4771,255.28,159.42,1217940.88,760592.82,457348.06
Sub-Saharan Africa,Togo,Clothes,Online,C,6/29/2015,324614083,08-11-2015,9376,109.28,35.84,1024609.28,336035.84,688573.44
Sub-Saharan Africa,Burkina Faso,Baby Food,Online,C,09-08-2016,315447795,10/28/2016,6867,255.28,159.42,1753007.76,1094737.14,658270.62
Europe,Macedonia,Clothes,Online,L,03-11-2012,324257886,4/19/2012,3969,109.28,35.84,433732.32,142248.96,291483.36
Central America and the Caribbean,Guatemala,Clothes,Online,H,6/16/2010,488593184,6/28/2010,4436,109.28,35.84,484766.08,158986.24,325779.84
Central America and the Caribbean,Haiti,Household,Online,H,06-02-2013,566315019,07-08-2013,4054,668.27,502.54,2709166.58,2037297.16,671869.42
Middle East and North Africa,Kuwait,Vegetables,Offline,C,9/23/2012,385597217,10-04-2012,5640,154.06,90.93,868898.4,512845.2,356053.2
Asia,China,Fruits,Online,M,3/30/2016,294926106,04-07-2016,4044,9.33,6.92,37730.52,27984.48,9746.04
Asia,Turkmenistan,Beverages,Offline,M,12/14/2013,713100516,1/13/2014,1144,47.45,31.79,54282.8,36367.76,17915.04
Europe,Portugal,Snacks,Offline,M,1/22/2012,779231774,03-08-2012,853,152.58,97.44,130150.74,83116.32,47034.42
Europe,Denmark,Fruits,Online,H,1/14/2014,602743709,1/25/2014,4113,9.33,6.92,38374.29,28461.96,9912.33
Australia and Oceania,Papua New Guinea,Meat,Online,M,11-12-2016,813372647,12/31/2016,3896,421.89,364.69,1643683.44,1420832.24,222851.2
Australia and Oceania,Samoa ,Beverages,Offline,C,10/16/2014,311167418,10/30/2014,209,47.45,31.79,9917.05,6644.11,3272.94
Sub-Saharan Africa,Sao Tome and Principe,Vegetables,Online,C,09-12-2010,316489350,10-12-2010,5087,154.06,90.93,783703.22,462560.91,321142.31
Europe,Slovakia,Baby Food,Online,C,05-01-2012,320012271,05-08-2012,7597,255.28,159.42,1939362.16,1211113.74,728248.42
Sub-Saharan Africa,Angola,Snacks,Offline,H,05-07-2013,332722508,5/24/2013,8839,152.58,97.44,1348654.62,861272.16,487382.46
North America,Mexico,Clothes,Offline,L,04-03-2012,435918891,4/26/2012,6942,109.28,35.84,758621.76,248801.28,509820.48
Middle East and North Africa,Jordan,Office Supplies,Offline,M,3/15/2016,331212747,05-03-2016,2067,651.21,524.96,1346051.07,1085092.32,260958.75
Asia,Laos,Clothes,Online,L,6/22/2014,690527904,6/28/2014,1407,109.28,35.84,153756.96,50426.88,103330.08
Europe,Sweden,Vegetables,Online,M,7/21/2012,906100690,8/14/2012,4185,154.06,90.93,644741.1,380542.05,264199.05
Middle East and North Africa,Saudi Arabia,Household,Online,L,3/19/2013,440479934,04-02-2013,6656,668.27,502.54,4448005.12,3344906.24,1103098.88
Sub-Saharan Africa,Swaziland,Vegetables,Offline,H,9/19/2012,176526963,9/26/2012,7106,154.06,90.93,1094750.36,646148.58,448601.78
Europe,San Marino,Clothes,Offline,L,03-06-2012,167415606,3/23/2012,853,109.28,35.84,93215.84,30571.52,62644.32
Sub-Saharan Africa,Uganda,Fruits,Online,M,10-09-2013,986632192,11-02-2013,5246,9.33,6.92,48945.18,36302.32,12642.86
Europe,Romania,Cereal,Online,C,12/15/2016,577975547,1/31/2017,4663,205.7,117.11,959179.1,546083.93,413095.17
Europe,France,Vegetables,Offline,C,09-05-2014,105557000,9/19/2014,5517,154.06,90.93,849949.02,501660.81,348288.21
Asia,Thailand,Fruits,Offline,C,4/23/2012,803800380,06-10-2012,1249,9.33,6.92,11653.17,8643.08,3010.09
Europe,Albania,Clothes,Online,H,4/17/2016,827442014,5/15/2016,7334,109.28,35.84,801459.52,262850.56,538608.96
Central America and the Caribbean,Saint Kitts and Nevis ,Beverages,Online,L,3/13/2015,201530730,04-08-2015,6276,47.45,31.79,297796.2,199514.04,98282.16
Australia and Oceania,Samoa ,Meat,Online,C,10/19/2013,371427857,11/16/2013,2612,421.89,364.69,1101976.68,952570.28,149406.4
Europe,Malta,Office Supplies,Online,L,2/28/2014,152807223,03-04-2014,7908,651.21,524.96,5149768.68,4151383.68,998385
Asia,Brunei,Cosmetics,Online,M,11-02-2011,681655156,12/13/2011,5763,437.2,263.33,2519583.6,1517570.79,1002012.81
Middle East and North Africa,Azerbaijan,Household,Offline,L,10/19/2014,464270484,10/31/2014,6808,668.27,502.54,4549582.16,3421292.32,1128289.84
Middle East and North Africa,Iraq,Fruits,Offline,H,12-11-2016,327264535,12/16/2016,3703,9.33,6.92,34548.99,25624.76,8924.23
Sub-Saharan Africa,Guinea,Meat,Online,L,01-07-2017,267561137,2/22/2017,6141,421.89,364.69,2590826.49,2239561.29,351265.2
Europe,Vatican City,Clothes,Online,L,11-01-2014,802396619,11/24/2014,5845,109.28,35.84,638741.6,209484.8,429256.8
Europe,Monaco,Office Supplies,Offline,H,1/21/2015,719319808,02-02-2015,1571,651.21,524.96,1023050.91,824712.16,198338.75
Europe,Germany,Personal Care,Online,L,11-01-2015,226192033,11-06-2015,4104,81.73,56.67,335419.92,232573.68,102846.24
Central America and the Caribbean,Costa Rica,Household,Online,H,08-08-2012,501187121,09-08-2012,1262,668.27,502.54,843356.74,634205.48,209151.26
Middle East and North Africa,Qatar,Meat,Offline,L,01-03-2017,542791402,02-02-2017,2893,421.89,364.69,1220527.77,1055048.17,165479.6
Sub-Saharan Africa,Sierra Leone,Vegetables,Offline,C,04-03-2015,319803702,05-07-2015,5877,154.06,90.93,905410.62,534395.61,371015.01
Australia and Oceania,Fiji,Beverages,Offline,L,4/29/2017,321335351,06-03-2017,9126,47.45,31.79,433028.7,290115.54,142913.16
Middle East and North Africa,Somalia,Cosmetics,Online,H,05-07-2015,206810176,5/23/2015,8582,437.2,263.33,3752050.4,2259898.06,1492152.34
Europe,United Kingdom,Snacks,Online,M,1/26/2010,155964505,2/16/2010,2218,152.58,97.44,338422.44,216121.92,122300.52
Sub-Saharan Africa,South Africa,Clothes,Offline,H,09-07-2014,418847167,10-12-2014,5039,109.28,35.84,550661.92,180597.76,370064.16
Europe,Belarus,Vegetables,Online,C,2/21/2013,865819489,2/23/2013,4082,154.06,90.93,628872.92,371176.26,257696.66
Middle East and North Africa,Iraq,Fruits,Online,M,12/19/2016,537555301,12/28/2016,3414,9.33,6.92,31852.62,23624.88,8227.74
Sub-Saharan Africa,Mali,Beverages,Online,C,1/13/2016,795040929,1/16/2016,9133,47.45,31.79,433360.85,290338.07,143022.78
Sub-Saharan Africa,Rwanda,Snacks,Offline,C,8/21/2012,369575202,09-12-2012,4370,152.58,97.44,666774.6,425812.8,240961.8
Sub-Saharan Africa,Senegal,Cereal,Offline,M,2/21/2010,312769448,03-07-2010,4285,205.7,117.11,881424.5,501816.35,379608.15
Sub-Saharan Africa,Liberia,Cosmetics,Online,M,10-03-2016,846547496,10/22/2016,1071,437.2,263.33,468241.2,282026.43,186214.77
Europe,Slovenia,Beverages,Online,M,6/20/2011,913145673,7/26/2011,8952,47.45,31.79,424772.4,284584.08,140188.32
Middle East and North Africa,Kuwait,Clothes,Online,H,12/24/2015,425112807,12/29/2015,9181,109.28,35.84,1003299.68,329047.04,674252.64
Asia,China,Office Supplies,Online,M,03-11-2015,715310227,04-11-2015,5047,651.21,524.96,3286656.87,2649473.12,637183.75
Europe,Slovakia,Baby Food,Offline,L,01-01-2014,486911761,01-03-2014,6865,255.28,159.42,1752497.2,1094418.3,658078.9
Australia and Oceania,Tuvalu,Cosmetics,Offline,C,10/22/2010,763403737,11/16/2010,6985,437.2,263.33,3053842,1839360.05,1214481.95
Europe,Estonia,Snacks,Online,C,06-03-2016,838584983,7/15/2016,4787,152.58,97.44,730400.46,466445.28,263955.18
Middle East and North Africa,Lebanon,Personal Care,Online,L,06-06-2012,526566827,6/13/2012,1680,81.73,56.67,137306.4,95205.6,42100.8
Sub-Saharan Africa,Botswana,Cereal,Offline,L,7/28/2015,611773097,8/14/2015,6109,205.7,117.11,1256621.3,715424.99,541196.31
Sub-Saharan Africa,Chad,Clothes,Online,H,05-06-2013,598940122,06-04-2013,8547,109.28,35.84,934016.16,306324.48,627691.68
Sub-Saharan Africa,Benin,Fruits,Offline,M,04-04-2013,963116729,05-12-2013,6497,9.33,6.92,60617.01,44959.24,15657.77
Sub-Saharan Africa,Malawi,Household,Offline,L,4/20/2016,899664247,4/23/2016,9498,668.27,502.54,6347228.46,4773124.92,1574103.54
Sub-Saharan Africa,Ethiopia,Personal Care,Online,H,03-05-2013,574256503,3/27/2013,4115,81.73,56.67,336318.95,233197.05,103121.9
Asia,Japan,Baby Food,Online,L,10/18/2010,672879827,10/23/2010,8948,255.28,159.42,2284245.44,1426490.16,857755.28
Central America and the Caribbean,El Salvador,Cosmetics,Offline,H,05-07-2013,151833045,05-09-2013,9627,437.2,263.33,4208924.4,2535077.91,1673846.49
Middle East and North Africa,Pakistan,Baby Food,Online,C,12-10-2010,287727487,01-05-2011,3812,255.28,159.42,973127.36,607709.04,365418.32
Asia,Thailand,Clothes,Offline,M,09-06-2013,627486979,9/30/2013,6196,109.28,35.84,677098.88,222064.64,455034.24
Europe,Liechtenstein,Baby Food,Online,C,01-09-2010,338347852,1/22/2010,3503,255.28,159.42,894245.84,558448.26,335797.58
Europe,Vatican City,Snacks,Offline,C,12/26/2015,457858932,02-08-2016,9487,152.58,97.44,1447526.46,924413.28,523113.18
Sub-Saharan Africa,South Sudan,Snacks,Offline,L,10/16/2010,743881547,11/18/2010,9935,152.58,97.44,1515882.3,968066.4,547815.9
Middle East and North Africa,Oman,Clothes,Offline,H,5/19/2016,124589526,6/20/2016,7664,109.28,35.84,837521.92,274677.76,562844.16
Middle East and North Africa,Kuwait,Cereal,Offline,M,4/26/2010,748469197,05-05-2010,7523,205.7,117.11,1547481.1,881018.53,666462.57
Sub-Saharan Africa,South Africa,Meat,Offline,H,11/19/2012,334319388,12-08-2012,1391,421.89,364.69,586848.99,507283.79,79565.2
Middle East and North Africa,Egypt,Fruits,Online,H,2/20/2015,721251428,3/24/2015,3180,9.33,6.92,29669.4,22005.6,7663.8
Europe,Macedonia,Beverages,Offline,L,12/26/2012,218689143,12/28/2012,3832,47.45,31.79,181828.4,121819.28,60009.12
Sub-Saharan Africa,Niger,Meat,Online,L,12/20/2010,356368863,12/21/2010,6321,421.89,364.69,2666766.69,2305205.49,361561.2
Asia,India,Office Supplies,Online,H,11/29/2010,934339416,01-05-2011,651,651.21,524.96,423937.71,341748.96,82188.75
Europe,Spain,Personal Care,Online,H,9/14/2015,472962129,10/15/2015,8859,81.73,56.67,724046.07,502039.53,222006.54
Asia,Uzbekistan,Vegetables,Online,C,05-12-2010,262910830,6/25/2010,12,154.06,90.93,1848.72,1091.16,757.56
Sub-Saharan Africa,Republic of the Congo,Vegetables,Online,H,04-08-2011,315171849,5/25/2011,5209,154.06,90.93,802498.54,473654.37,328844.17
Europe,Luxembourg,Household,Offline,C,12-04-2016,711044013,12-07-2016,2579,668.27,502.54,1723468.33,1296050.66,427417.67
Europe,Armenia,Baby Food,Offline,L,10-09-2011,252138650,11/16/2011,2284,255.28,159.42,583059.52,364115.28,218944.24
Sub-Saharan Africa,Kenya,Fruits,Offline,C,5/16/2015,510379588,5/29/2015,1517,9.33,6.92,14153.61,10497.64,3655.97
Middle East and North Africa,Tunisia ,Beverages,Offline,C,07-02-2010,878003156,07-06-2010,9500,47.45,31.79,450775,302005,148770
Europe,Malta,Personal Care,Online,M,1/28/2015,817558181,2/25/2015,2489,81.73,56.67,203425.97,141051.63,62374.34
Australia and Oceania,Australia,Clothes,Online,C,3/17/2010,311905992,3/28/2010,8769,109.28,35.84,958276.32,314280.96,643995.36
Sub-Saharan Africa,The Gambia,Baby Food,Online,L,2/28/2012,314220416,3/18/2012,3659,255.28,159.42,934069.52,583317.78,350751.74
Sub-Saharan Africa,Rwanda,Office Supplies,Offline,L,7/15/2015,497987782,8/17/2015,4506,651.21,524.96,2934352.26,2365469.76,568882.5
Europe,Russia,Office Supplies,Offline,L,3/21/2012,607006919,04-08-2012,5691,651.21,524.96,3706036.11,2987547.36,718488.75
Sub-Saharan Africa,Mozambique,Cereal,Offline,C,4/21/2010,905389153,4/28/2010,3625,205.7,117.11,745662.5,424523.75,321138.75
Europe,San Marino,Household,Offline,H,03-01-2015,827558314,3/21/2015,1750,668.27,502.54,1169472.5,879445,290027.5
Sub-Saharan Africa,Uganda,Baby Food,Offline,C,07-07-2010,328250730,8/14/2010,5540,255.28,159.42,1414251.2,883186.8,531064.4
Australia and Oceania,New Zealand,Fruits,Online,L,3/23/2015,332515227,4/23/2015,7500,9.33,6.92,69975,51900,18075
Europe,Kosovo,Cereal,Online,M,05-08-2011,485713136,6/13/2011,2165,205.7,117.11,445340.5,253543.15,191797.35
Europe,Estonia,Meat,Online,L,02-05-2016,503518283,2/27/2016,1104,421.89,364.69,465766.56,402617.76,63148.8
Sub-Saharan Africa,Niger,Baby Food,Online,C,06-12-2017,621916997,07-10-2017,7915,255.28,159.42,2020541.2,1261809.3,758731.9
Europe,Belarus,Office Supplies,Online,L,10/21/2015,247208106,11/15/2015,3227,651.21,524.96,2101454.67,1694045.92,407408.75
Asia,Indonesia,Cosmetics,Online,C,8/18/2012,206002938,8/20/2012,9702,437.2,263.33,4241714.4,2554827.66,1686886.74
Sub-Saharan Africa,Gabon,Clothes,Online,C,04-02-2014,495225322,05-07-2014,7033,109.28,35.84,768566.24,252062.72,516503.52
Asia,Japan,Personal Care,Online,M,11/25/2012,732111585,12-06-2012,6942,81.73,56.67,567369.66,393403.14,173966.52
Sub-Saharan Africa,Swaziland,Cereal,Offline,L,04-01-2013,604210555,04-09-2013,8185,205.7,117.11,1683654.5,958545.35,725109.15
Middle East and North Africa,Azerbaijan,Vegetables,Online,C,06-10-2013,319383561,6/26/2013,1548,154.06,90.93,238484.88,140759.64,97725.24
Asia,Tajikistan,Household,Online,H,6/28/2016,155804431,7/13/2016,4848,668.27,502.54,3239772.96,2436313.92,803459.04
Australia and Oceania,Fiji,Baby Food,Online,M,4/27/2011,911959493,06-11-2011,7934,255.28,159.42,2025391.52,1264838.28,760553.24
Asia,Uzbekistan,Meat,Online,M,06-04-2014,756647574,07-12-2014,7687,421.89,364.69,3243068.43,2803372.03,439696.4
Middle East and North Africa,Egypt,Beverages,Online,C,1/26/2013,178980004,03-02-2013,3015,47.45,31.79,143061.75,95846.85,47214.9
Sub-Saharan Africa,Senegal,Vegetables,Offline,H,7/13/2014,638380610,08-02-2014,9864,154.06,90.93,1519647.84,896933.52,622714.32
Sub-Saharan Africa,Zimbabwe,Office Supplies,Offline,M,12/26/2011,514585721,02-02-2012,6205,651.21,524.96,4040758.05,3257376.8,783381.25
Europe,Poland,Snacks,Online,H,1/16/2011,957644164,02-06-2011,7044,152.58,97.44,1074773.52,686367.36,388406.16
Europe,Russia,Cosmetics,Offline,L,10/23/2010,937917268,11-08-2010,9417,437.2,263.33,4117112.4,2479778.61,1637333.79
Europe,Germany,Cosmetics,Online,M,3/27/2015,396078860,04-05-2015,7391,437.2,263.33,3231345.2,1946272.03,1285073.17
Europe,Kosovo,Baby Food,Offline,C,03-11-2014,693115270,4/28/2014,7066,255.28,159.42,1803808.48,1126461.72,677346.76
Middle East and North Africa,Syria,Vegetables,Online,L,7/19/2017,560325324,08-05-2017,1570,154.06,90.93,241874.2,142760.1,99114.1
Europe,San Marino,Vegetables,Online,M,07-09-2013,149320352,7/27/2013,6065,154.06,90.93,934373.9,551490.45,382883.45
Asia,Japan,Fruits,Online,M,4/27/2010,582024180,06-06-2010,2744,9.33,6.92,25601.52,18988.48,6613.04
Sub-Saharan Africa,Guinea-Bissau,Cosmetics,Offline,L,3/24/2017,800673139,4/24/2017,5829,437.2,263.33,2548438.8,1534950.57,1013488.23
Sub-Saharan Africa,Zimbabwe,Fruits,Offline,M,07-03-2010,717816054,08-05-2010,6577,9.33,6.92,61363.41,45512.84,15850.57
Central America and the Caribbean,Dominica,Office Supplies,Online,C,12-01-2012,766314256,1/19/2013,8272,651.21,524.96,5386809.12,4342469.12,1044340
Europe,Belgium,Clothes,Online,M,3/23/2014,549341571,04-10-2014,1233,109.28,35.84,134742.24,44190.72,90551.52
Europe,Portugal,Beverages,Online,C,10/23/2012,190384328,12-09-2012,7808,47.45,31.79,370489.6,248216.32,122273.28
Sub-Saharan Africa,South Africa,Clothes,Online,H,12-03-2011,783241355,12/30/2011,7377,109.28,35.84,806158.56,264391.68,541766.88
Middle East and North Africa,Libya,Beverages,Online,M,11/13/2015,342023980,11/27/2015,1351,47.45,31.79,64104.95,42948.29,21156.66
North America,United States of America,Baby Food,Offline,L,02-01-2011,551156032,02-05-2011,8173,255.28,159.42,2086403.44,1302939.66,783463.78
Sub-Saharan Africa,Sierra Leone,Personal Care,Offline,L,5/18/2015,915373837,5/20/2015,8315,81.73,56.67,679584.95,471211.05,208373.9
Europe,Ukraine,Cereal,Online,H,07-09-2013,109726226,7/15/2013,9283,205.7,117.11,1909513.1,1087132.13,822380.97
Sub-Saharan Africa,Ethiopia,Snacks,Online,L,02-01-2014,929574525,2/26/2014,614,152.58,97.44,93684.12,59828.16,33855.96
Middle East and North Africa,Kuwait,Fruits,Online,C,05-08-2015,840592563,05-12-2015,8874,9.33,6.92,82794.42,61408.08,21386.34
Europe,Kosovo,Vegetables,Offline,L,8/23/2016,528766667,8/29/2016,2662,154.06,90.93,410107.72,242055.66,168052.06
Middle East and North Africa,United Arab Emirates,Meat,Offline,C,08-03-2014,750395667,09-02-2014,7608,421.89,364.69,3209739.12,2774561.52,435177.6
Central America and the Caribbean,Haiti,Meat,Offline,H,06-09-2014,982090890,7/16/2014,1373,421.89,364.69,579254.97,500719.37,78535.6
Central America and the Caribbean,Saint Kitts and Nevis ,Personal Care,Online,M,2/25/2011,770776164,3/24/2011,8650,81.73,56.67,706964.5,490195.5,216769
Europe,Netherlands,Meat,Offline,M,11/25/2015,183687818,12-10-2015,6162,421.89,364.69,2599686.18,2247219.78,352466.4
Europe,Switzerland,Cosmetics,Offline,H,06-01-2014,258374679,06-04-2014,7664,437.2,263.33,3350700.8,2018161.12,1332539.68
Middle East and North Africa,Libya,Cosmetics,Offline,L,3/17/2016,752698075,3/24/2016,8942,437.2,263.33,3909442.4,2354696.86,1554745.54
Europe,Belarus,Vegetables,Offline,C,12-06-2012,594831836,01-05-2013,2814,154.06,90.93,433524.84,255877.02,177647.82
Europe,Monaco,Cosmetics,Offline,L,06-09-2012,133262288,7/17/2012,4127,437.2,263.33,1804324.4,1086762.91,717561.49
Sub-Saharan Africa,Botswana,Fruits,Offline,M,4/16/2012,686788260,5/24/2012,4763,9.33,6.92,44438.79,32959.96,11478.83
Australia and Oceania,Kiribati,Beverages,Online,H,2/14/2011,494521081,04-01-2011,8632,47.45,31.79,409588.4,274411.28,135177.12
Central America and the Caribbean,Barbados,Household,Online,L,5/28/2012,565884578,6/18/2012,6677,668.27,502.54,4462038.79,3355459.58,1106579.21
Sub-Saharan Africa,Ghana,Personal Care,Offline,M,02-12-2013,630615079,3/16/2013,1870,81.73,56.67,152835.1,105972.9,46862.2
Middle East and North Africa,Afghanistan,Cereal,Offline,L,1/30/2015,488761413,03-09-2015,4218,205.7,117.11,867642.6,493969.98,373672.62
Middle East and North Africa,Morocco,Cereal,Online,L,08-10-2013,460684907,8/19/2013,5756,205.7,117.11,1184009.2,674085.16,509924.04
Sub-Saharan Africa,Sao Tome and Principe,Clothes,Online,M,06-09-2016,937059390,6/16/2016,5552,109.28,35.84,606722.56,198983.68,407738.88
Sub-Saharan Africa,Niger,Baby Food,Offline,L,3/26/2017,128871190,3/30/2017,4704,255.28,159.42,1200837.12,749911.68,450925.44
Europe,Finland,Snacks,Online,M,07-01-2014,817419135,7/13/2014,1342,152.58,97.44,204762.36,130764.48,73997.88
Europe,Monaco,Snacks,Online,M,5/21/2015,904314553,5/27/2015,5627,152.58,97.44,858567.66,548294.88,310272.78
Central America and the Caribbean,The Bahamas,Beverages,Online,L,9/29/2016,161481273,11/16/2016,4752,47.45,31.79,225482.4,151066.08,74416.32
Asia,Kyrgyzstan,Household,Online,L,6/30/2016,681155622,7/14/2016,7940,668.27,502.54,5306063.8,3990167.6,1315896.2
Sub-Saharan Africa,Botswana,Household,Offline,M,5/30/2017,125886428,6/19/2017,1446,668.27,502.54,966318.42,726672.84,239645.58
Asia,Cambodia,Office Supplies,Online,H,9/30/2015,278535020,11/13/2015,3557,651.21,524.96,2316353.97,1867282.72,449071.25
Asia,Singapore,Vegetables,Offline,H,8/13/2012,292275226,10-02-2012,9589,154.06,90.93,1477281.34,871927.77,605353.57
Sub-Saharan Africa,Rwanda,Clothes,Offline,M,3/15/2010,740593373,04-02-2010,6892,109.28,35.84,753157.76,247009.28,506148.48
North America,Greenland,Beverages,Online,L,7/13/2015,467288291,7/31/2015,9844,47.45,31.79,467097.8,312940.76,154157.04
Europe,Germany,Baby Food,Offline,H,12/23/2013,636471307,1/21/2014,4858,255.28,159.42,1240150.24,774462.36,465687.88
Sub-Saharan Africa,Swaziland,Fruits,Offline,C,12-01-2010,682566249,12/21/2010,5376,9.33,6.92,50158.08,37201.92,12956.16
Central America and the Caribbean,El Salvador,Office Supplies,Online,L,10/13/2012,560309445,11-07-2012,6871,651.21,524.96,4474463.91,3607000.16,867463.75
Europe,Finland,Clothes,Offline,H,9/22/2015,294749724,10-06-2015,1848,109.28,35.84,201949.44,66232.32,135717.12
Sub-Saharan Africa,Sierra Leone,Beverages,Online,M,12-10-2016,431248414,12/31/2016,4844,47.45,31.79,229847.8,153990.76,75857.04
Europe,Croatia,Clothes,Online,C,12-07-2010,685479342,12/25/2010,7425,109.28,35.84,811404,266112,545292
Sub-Saharan Africa,Democratic Republic of the Congo,Baby Food,Offline,C,12/16/2015,393428838,1/28/2016,3191,255.28,159.42,814598.48,508709.22,305889.26
Europe,Slovenia,Vegetables,Online,H,04-12-2017,761395728,4/28/2017,2771,154.06,90.93,426900.26,251967.03,174933.23
Australia and Oceania,Nauru,Fruits,Offline,L,05-12-2016,815991342,06-08-2016,8826,9.33,6.92,82346.58,61075.92,21270.66
Sub-Saharan Africa,Madagascar,Fruits,Offline,M,12/16/2011,554139506,12/17/2011,1049,9.33,6.92,9787.17,7259.08,2528.09
Central America and the Caribbean,Honduras,Household,Online,L,06-11-2011,493076550,07-08-2011,1163,668.27,502.54,777198.01,584454.02,192743.99
Europe,Liechtenstein,Baby Food,Offline,M,11/30/2011,320351302,01-01-2012,7924,255.28,159.42,2022838.72,1263244.08,759594.64
Asia,Cambodia,Fruits,Online,M,07-11-2011,243825089,7/16/2011,2117,9.33,6.92,19751.61,14649.64,5101.97
Sub-Saharan Africa,Djibouti,Snacks,Offline,M,04-11-2013,541671741,05-08-2013,1560,152.58,97.44,238024.8,152006.4,86018.4
Sub-Saharan Africa,Central African Republic,Household,Online,M,09-04-2013,212377583,10-12-2013,6101,668.27,502.54,4077115.27,3065996.54,1011118.73
Europe,Romania,Snacks,Online,H,1/24/2014,124741446,02-12-2014,2621,152.58,97.44,399912.18,255390.24,144521.94
Europe,Russia,Cosmetics,Offline,M,11-11-2016,767874658,11/24/2016,30,437.2,263.33,13116,7899.9,5216.1
North America,Canada,Clothes,Online,L,03-10-2014,901201045,3/13/2014,4271,109.28,35.84,466734.88,153072.64,313662.24
Europe,Iceland,Cereal,Online,L,5/16/2014,704456937,6/18/2014,3317,205.7,117.11,682306.9,388453.87,293853.03
Asia,Singapore,Cereal,Online,M,6/13/2015,427691161,7/19/2015,2174,205.7,117.11,447191.8,254597.14,192594.66
Sub-Saharan Africa,Republic of the Congo,Fruits,Online,C,07-10-2016,841265046,7/19/2016,7877,9.33,6.92,73492.41,54508.84,18983.57
Central America and the Caribbean,Grenada,Fruits,Online,M,12/22/2013,985852420,1/29/2014,4494,9.33,6.92,41929.02,31098.48,10830.54
Asia,Kazakhstan,Vegetables,Online,C,10/26/2012,422439610,11/14/2012,8123,154.06,90.93,1251429.38,738624.39,512804.99
Sub-Saharan Africa,Comoros,Cereal,Offline,C,05-10-2015,582325446,6/19/2015,1895,205.7,117.11,389801.5,221923.45,167878.05
Middle East and North Africa,Azerbaijan,Household,Offline,L,5/15/2017,717121255,5/15/2017,970,668.27,502.54,648221.9,487463.8,160758.1
Europe,France,Meat,Online,L,12-06-2011,148750865,1/13/2012,7541,421.89,364.69,3181472.49,2750127.29,431345.2
Asia,Taiwan,Meat,Offline,H,11/20/2015,519450604,11/24/2015,5832,421.89,364.69,2460462.48,2126872.08,333590.4
Sub-Saharan Africa,Cape Verde,Beverages,Offline,H,1/27/2013,841769301,03-07-2013,7097,47.45,31.79,336752.65,225613.63,111139.02
Middle East and North Africa,Morocco,Household,Online,L,2/13/2011,648568284,3/30/2011,4623,668.27,502.54,3089412.21,2323242.42,766169.79
Middle East and North Africa,Iran,Clothes,Online,L,12-01-2014,443021380,12/13/2014,8726,109.28,35.84,953577.28,312739.84,640837.44
Australia and Oceania,Vanuatu,Snacks,Online,H,4/15/2015,348614919,06-02-2015,1756,152.58,97.44,267930.48,171104.64,96825.84
Europe,Romania,Beverages,Offline,C,6/21/2015,559147727,08-01-2015,3093,47.45,31.79,146762.85,98326.47,48436.38
Europe,Albania,Office Supplies,Online,H,3/15/2012,888731133,3/15/2012,4147,651.21,524.96,2700567.87,2177009.12,523558.75
Europe,Slovenia,Fruits,Online,C,8/25/2014,321788966,9/13/2014,3361,9.33,6.92,31358.13,23258.12,8100.01
Asia,Nepal,Personal Care,Offline,H,4/23/2010,163057553,4/27/2010,1208,81.73,56.67,98729.84,68457.36,30272.48
Europe,Moldova ,Cosmetics,Offline,H,04-04-2014,887585723,04-07-2014,5194,437.2,263.33,2270816.8,1367736.02,903080.78
Sub-Saharan Africa,Gabon,Fruits,Online,H,05-06-2012,790734803,5/30/2012,4855,9.33,6.92,45297.15,33596.6,11700.55
Sub-Saharan Africa,Chad,Cereal,Offline,C,06-03-2010,938178622,6/17/2010,6758,205.7,117.11,1390120.6,791429.38,598691.22
Sub-Saharan Africa,Mali,Baby Food,Online,H,5/23/2015,215903508,6/27/2015,9501,255.28,159.42,2425415.28,1514649.42,910765.86
Australia and Oceania,Tuvalu,Baby Food,Offline,C,4/20/2016,280208289,5/25/2016,8714,255.28,159.42,2224509.92,1389185.88,835324.04
Asia,Kyrgyzstan,Fruits,Offline,L,11-01-2010,607704293,11/26/2010,2060,9.33,6.92,19219.8,14255.2,4964.6
Middle East and North Africa,Oman,Household,Online,M,8/31/2016,745315349,09-08-2016,4229,668.27,502.54,2826113.83,2125241.66,700872.17
Central America and the Caribbean,Antigua and Barbuda ,Cosmetics,Offline,H,09-05-2014,760277783,10/21/2014,1946,437.2,263.33,850791.2,512440.18,338351.02
Central America and the Caribbean,The Bahamas,Personal Care,Online,L,4/26/2013,790140426,06-07-2013,8965,81.73,56.67,732709.45,508046.55,224662.9
Central America and the Caribbean,El Salvador,Household,Online,L,07-12-2014,592764604,7/22/2014,1074,668.27,502.54,717721.98,539727.96,177994.02
Europe,Monaco,Cereal,Online,L,07-12-2017,896324145,7/18/2017,1088,205.7,117.11,223801.6,127415.68,96385.92
Sub-Saharan Africa,Djibouti,Office Supplies,Offline,M,01-12-2015,249305379,2/27/2015,3857,651.21,524.96,2511716.97,2024770.72,486946.25
North America,Canada,Cosmetics,Offline,L,03-03-2012,870507133,04-05-2012,1260,437.2,263.33,550872,331795.8,219076.2
Sub-Saharan Africa,Guinea,Clothes,Offline,M,2/24/2015,999040734,04-04-2015,7209,109.28,35.84,787799.52,258370.56,529428.96
Sub-Saharan Africa,Guinea,Household,Online,L,4/19/2012,744330012,05-06-2012,2646,668.27,502.54,1768242.42,1329720.84,438521.58
Sub-Saharan Africa,Gabon,Beverages,Offline,M,9/28/2015,736111295,11-08-2015,545,47.45,31.79,25860.25,17325.55,8534.7
Europe,Czech Republic,Beverages,Online,L,2/24/2012,774433410,03-11-2012,910,47.45,31.79,43179.5,28928.9,14250.6
Australia and Oceania,Tonga,Clothes,Offline,M,12/26/2011,279657685,01-11-2012,5779,109.28,35.84,631529.12,207119.36,424409.76
Central America and the Caribbean,Jamaica,Office Supplies,Offline,H,06-01-2015,542457950,7/21/2015,4217,651.21,524.96,2746152.57,2213756.32,532396.25
Asia,Cambodia,Beverages,Online,L,02-06-2016,673820531,3/18/2016,7324,47.45,31.79,347523.8,232829.96,114693.84
Europe,Finland,Cosmetics,Online,H,7/17/2012,755044257,09-05-2012,3229,437.2,263.33,1411718.8,850292.57,561426.23
Central America and the Caribbean,Saint Vincent and the Grenadines,Snacks,Offline,H,11/25/2011,487740457,11/26/2011,2095,152.58,97.44,319655.1,204136.8,115518.3
Europe,Liechtenstein,Snacks,Offline,L,01-07-2011,543832957,1/17/2011,1112,152.58,97.44,169668.96,108353.28,61315.68
Australia and Oceania,Kiribati,Household,Online,C,5/24/2015,315558087,5/25/2015,9505,668.27,502.54,6351906.35,4776642.7,1575263.65
Australia and Oceania,Tonga,Baby Food,Online,L,8/23/2012,165464675,10-02-2012,3529,255.28,159.42,900883.12,562593.18,338289.94
Middle East and North Africa,Egypt,Fruits,Offline,L,03-08-2014,976414048,03-11-2014,1470,9.33,6.92,13715.1,10172.4,3542.7
Europe,Ukraine,Beverages,Online,C,7/18/2013,101580035,7/25/2013,8645,47.45,31.79,410205.25,274824.55,135380.7
Sub-Saharan Africa,Zambia,Fruits,Online,M,11/29/2012,814448964,01-01-2013,2402,9.33,6.92,22410.66,16621.84,5788.82
Sub-Saharan Africa,Angola,Household,Online,C,9/28/2011,158819663,11/13/2011,7122,668.27,502.54,4759418.94,3579089.88,1180329.06
Australia and Oceania,Nauru,Cosmetics,Online,L,7/20/2010,198803460,8/17/2010,9217,437.2,263.33,4029672.4,2427112.61,1602559.79
Europe,Greece,Baby Food,Online,C,9/18/2014,368824183,11-07-2014,2127,255.28,159.42,542980.56,339086.34,203894.22
Europe,Georgia,Cereal,Online,H,07-11-2015,623618161,8/22/2015,1327,205.7,117.11,272963.9,155404.97,117558.93
Sub-Saharan Africa,Lesotho,Office Supplies,Offline,C,09-11-2016,988234221,10-06-2016,9322,651.21,524.96,6070579.62,4893677.12,1176902.5
Europe,Lithuania,Snacks,Online,M,06-10-2015,208033692,7/15/2015,647,152.58,97.44,98719.26,63043.68,35675.58
Europe,Germany,Fruits,Offline,L,10/24/2013,698690402,12-06-2013,6871,9.33,6.92,64106.43,47547.32,16559.11
Sub-Saharan Africa,Benin,Cosmetics,Online,C,12-10-2014,896190679,1/14/2015,1592,437.2,263.33,696022.4,419221.36,276801.04
Sub-Saharan Africa,Gabon,Meat,Online,L,8/28/2011,206833350,10-02-2011,5439,421.89,364.69,2294659.71,1983548.91,311110.8
Australia and Oceania,Fiji,Meat,Offline,C,12/29/2012,357229745,1/28/2013,1075,421.89,364.69,453531.75,392041.75,61490
Sub-Saharan Africa,Uganda,Beverages,Offline,M,2/18/2010,444303691,04-06-2010,8190,47.45,31.79,388615.5,260360.1,128255.4
Middle East and North Africa,Turkey,Beverages,Online,H,6/16/2010,985291516,07-08-2010,8510,47.45,31.79,403799.5,270532.9,133266.6
Australia and Oceania,Solomon Islands,Cereal,Offline,M,1/20/2011,767742049,2/23/2011,788,205.7,117.11,162091.6,92282.68,69808.92
Australia and Oceania,Kiribati,Vegetables,Offline,M,1/29/2010,899516618,2/21/2010,5811,154.06,90.93,895242.66,528394.23,366848.43
Europe,Lithuania,Cosmetics,Offline,C,7/16/2010,758789050,08-02-2010,1397,437.2,263.33,610768.4,367872.01,242896.39
North America,Canada,Meat,Offline,L,07-03-2016,244045674,07-12-2016,7393,421.89,364.69,3119032.77,2696153.17,422879.6
Sub-Saharan Africa,Seychelles ,Vegetables,Offline,H,03-07-2014,224085319,04-05-2014,680,154.06,90.93,104760.8,61832.4,42928.4
Sub-Saharan Africa,Niger,Household,Online,M,7/21/2013,288019311,08-10-2013,169,668.27,502.54,112937.63,84929.26,28008.37
Europe,Albania,Vegetables,Offline,M,4/26/2014,995271480,05-10-2014,1803,154.06,90.93,277770.18,163946.79,113823.39
Sub-Saharan Africa,Tanzania,Baby Food,Offline,M,3/25/2017,725578153,3/31/2017,3554,255.28,159.42,907265.12,566578.68,340686.44
Sub-Saharan Africa,Mauritania,Personal Care,Offline,C,10-02-2012,628988158,10/31/2012,428,81.73,56.67,34980.44,24254.76,10725.68
Asia,Cambodia,Meat,Offline,M,2/20/2015,575862824,3/22/2015,9462,421.89,364.69,3991923.18,3450696.78,541226.4
Sub-Saharan Africa,Zambia,Meat,Online,C,03-10-2013,506875979,4/23/2013,4721,421.89,364.69,1991742.69,1721701.49,270041.2
Sub-Saharan Africa,The Gambia,Snacks,Offline,M,12-03-2011,883013951,12/22/2011,2306,152.58,97.44,351849.48,224696.64,127152.84
Middle East and North Africa,Saudi Arabia,Baby Food,Online,M,8/21/2013,435575568,10-01-2013,5345,255.28,159.42,1364471.6,852099.9,512371.7
Sub-Saharan Africa,Uganda,Fruits,Online,H,2/13/2014,216172158,2/23/2014,9000,9.33,6.92,83970,62280,21690
Sub-Saharan Africa,Democratic Republic of the Congo,Beverages,Offline,M,01-05-2014,446727550,1/20/2014,5464,47.45,31.79,259266.8,173700.56,85566.24
Europe,United Kingdom,Cereal,Offline,C,01-07-2015,969478070,1/13/2015,8960,205.7,117.11,1843072,1049305.6,793766.4
North America,Greenland,Snacks,Online,H,2/13/2016,796972548,03-07-2016,742,152.58,97.44,113214.36,72300.48,40913.88
Sub-Saharan Africa,Togo,Cereal,Online,C,5/13/2017,362072312,06-01-2017,4098,205.7,117.11,842958.6,479916.78,363041.82
Asia,Taiwan,Beverages,Offline,C,1/30/2016,167951190,03-05-2016,9344,47.45,31.79,443372.8,297045.76,146327.04
Central America and the Caribbean,Dominican Republic,Baby Food,Online,C,8/29/2010,338095510,9/23/2010,8829,255.28,159.42,2253867.12,1407519.18,846347.94
Asia,Thailand,Fruits,Offline,L,12-02-2011,166304099,01-04-2012,1933,9.33,6.92,18034.89,13376.36,4658.53
Europe,Liechtenstein,Cosmetics,Online,M,08-02-2016,366688287,8/15/2016,68,437.2,263.33,29729.6,17906.44,11823.16
Europe,Spain,Personal Care,Online,M,02-10-2011,823671901,2/22/2011,1674,81.73,56.67,136816.02,94865.58,41950.44
Europe,Ireland,Snacks,Online,H,4/14/2013,141991269,5/19/2013,7227,152.58,97.44,1102695.66,704198.88,398496.78
Europe,Lithuania,Meat,Online,M,6/20/2015,596695220,7/19/2015,4230,421.89,364.69,1784594.7,1542638.7,241956
Sub-Saharan Africa,Mozambique,Clothes,Online,H,1/29/2011,483145081,1/31/2011,2221,109.28,35.84,242710.88,79600.64,163110.24
Europe,Andorra,Cosmetics,Offline,H,7/16/2013,867014682,7/19/2013,7766,437.2,263.33,3395295.2,2045020.78,1350274.42
Europe,Austria,Clothes,Offline,H,08-12-2014,634290349,9/23/2014,9464,109.28,35.84,1034225.92,339189.76,695036.16
Sub-Saharan Africa,Lesotho,Clothes,Offline,M,11/30/2010,541270911,12/17/2010,2946,109.28,35.84,321938.88,105584.64,216354.24
Central America and the Caribbean,Belize,Cereal,Online,L,04-11-2015,964567697,5/24/2015,5871,205.7,117.11,1207664.7,687552.81,520111.89
Sub-Saharan Africa,Senegal,Beverages,Online,C,1/30/2015,551104533,2/16/2015,2933,47.45,31.79,139170.85,93240.07,45930.78
Sub-Saharan Africa,Cote d'Ivoire,Baby Food,Online,M,12-05-2013,268117749,12-09-2013,855,255.28,159.42,218264.4,136304.1,81960.3
Sub-Saharan Africa,Benin,Fruits,Online,M,09-10-2012,253156173,9/18/2012,3392,9.33,6.92,31647.36,23472.64,8174.72
Asia,North Korea,Vegetables,Offline,H,4/27/2013,264081132,06-08-2013,6330,154.06,90.93,975199.8,575586.9,399612.9
Central America and the Caribbean,Saint Kitts and Nevis ,Cereal,Offline,C,01-10-2015,129066455,1/20/2015,2487,205.7,117.11,511575.9,291252.57,220323.33
Asia,Nepal,Snacks,Offline,H,07-11-2010,196598470,08-11-2010,6711,152.58,97.44,1023964.38,653919.84,370044.54
Europe,Poland,Vegetables,Online,M,07-10-2012,885476005,7/17/2012,882,154.06,90.93,135880.92,80200.26,55680.66
Sub-Saharan Africa,Angola,Snacks,Offline,C,1/29/2012,434810388,02-07-2012,8911,152.58,97.44,1359640.38,868287.84,491352.54
Asia,Japan,Clothes,Offline,H,09-01-2012,754025447,10/14/2012,1741,109.28,35.84,190256.48,62397.44,127859.04
Sub-Saharan Africa,Mali,Office Supplies,Online,L,04-07-2011,672857511,05-05-2011,2345,651.21,524.96,1527087.45,1231031.2,296056.25
Central America and the Caribbean,Barbados,Baby Food,Online,C,04-07-2017,891355407,05-01-2017,728,255.28,159.42,185843.84,116057.76,69786.08
Sub-Saharan Africa,Mozambique,Personal Care,Online,L,11-02-2010,829880464,11-03-2010,8926,81.73,56.67,729521.98,505836.42,223685.56
Europe,Portugal,Vegetables,Online,M,11-12-2014,879106509,12-02-2014,6007,154.06,90.93,925438.42,546216.51,379221.91
Middle East and North Africa,United Arab Emirates,Baby Food,Online,L,06-09-2015,150019872,6/13/2015,3069,255.28,159.42,783454.32,489259.98,294194.34
Europe,Latvia,Household,Offline,M,1/23/2011,523919379,02-06-2011,8242,668.27,502.54,5507881.34,4141934.68,1365946.66
Australia and Oceania,East Timor,Baby Food,Offline,M,6/17/2016,802416360,7/13/2016,1687,255.28,159.42,430657.36,268941.54,161715.82
Europe,Bosnia and Herzegovina,Snacks,Offline,C,05-04-2013,757434642,05-05-2013,597,152.58,97.44,91090.26,58171.68,32918.58
Sub-Saharan Africa,South Africa,Clothes,Offline,M,10-05-2014,681210553,10/22/2014,4196,109.28,35.84,458538.88,150384.64,308154.24
Europe,Germany,Office Supplies,Offline,M,12-05-2015,936292922,01-12-2016,8737,651.21,524.96,5689621.77,4586575.52,1103046.25
Europe,Kosovo,Fruits,Offline,M,02-03-2013,605543076,3/17/2013,2508,9.33,6.92,23399.64,17355.36,6044.28
Australia and Oceania,Solomon Islands,Household,Offline,C,12/13/2014,642134845,1/27/2015,825,668.27,502.54,551322.75,414595.5,136727.25
Asia,Japan,Baby Food,Offline,L,02-06-2016,719554555,03-02-2016,1038,255.28,159.42,264980.64,165477.96,99502.68
Sub-Saharan Africa,Senegal,Personal Care,Online,M,12/31/2015,581601035,01-02-2016,7526,81.73,56.67,615099.98,426498.42,188601.56
Central America and the Caribbean,Honduras,Meat,Online,L,03-04-2015,492385613,03-10-2015,6700,421.89,364.69,2826663,2443423,383240
Sub-Saharan Africa,Togo,Beverages,Offline,H,5/31/2011,786332118,06-06-2011,2003,47.45,31.79,95042.35,63675.37,31366.98
Middle East and North Africa,Egypt,Snacks,Online,L,03-02-2011,518176877,04-07-2011,8908,152.58,97.44,1359182.64,867995.52,491187.12
Europe,Belarus,Fruits,Online,C,7/28/2010,612968719,08-11-2010,9920,9.33,6.92,92553.6,68646.4,23907.2
Asia,Bhutan,Baby Food,Offline,C,5/30/2014,716068971,6/26/2014,9576,255.28,159.42,2444561.28,1526605.92,917955.36
Europe,Portugal,Beverages,Offline,L,03-03-2017,543151462,4/18/2017,9442,47.45,31.79,448022.9,300161.18,147861.72
Sub-Saharan Africa,Burkina Faso,Personal Care,Online,M,5/26/2014,330202519,5/31/2014,3118,81.73,56.67,254834.14,176697.06,78137.08
Asia,Maldives,Snacks,Online,L,1/29/2014,383520972,03-02-2014,1233,152.58,97.44,188131.14,120143.52,67987.62
Australia and Oceania,Samoa ,Baby Food,Online,L,02-06-2010,629718148,2/17/2010,6449,255.28,159.42,1646300.72,1028099.58,618201.14
Asia,Malaysia,Clothes,Online,M,05-11-2016,165717875,5/30/2016,8457,109.28,35.84,924180.96,303098.88,621082.08
Australia and Oceania,New Zealand,Office Supplies,Offline,C,07-08-2017,408756482,8/22/2017,8981,651.21,524.96,5848517.01,4714665.76,1133851.25
Central America and the Caribbean,Honduras,Vegetables,Offline,C,09-01-2010,146382796,9/15/2010,6777,154.06,90.93,1044064.62,616232.61,427832.01
Australia and Oceania,East Timor,Household,Offline,M,09-05-2016,486458146,9/23/2016,2630,668.27,502.54,1757550.1,1321680.2,435869.9
Asia,Vietnam,Clothes,Offline,L,11-06-2015,807156360,12-12-2015,4358,109.28,35.84,476242.24,156190.72,320051.52
Europe,Malta,Meat,Offline,H,3/27/2012,106963765,04-05-2012,1810,421.89,364.69,763620.9,660088.9,103532
Europe,Cyprus,Cereal,Offline,L,10-08-2014,154679191,10/25/2014,1865,205.7,117.11,383630.5,218410.15,165220.35
Middle East and North Africa,United Arab Emirates,Fruits,Online,L,9/20/2010,539413964,9/24/2010,3434,9.33,6.92,32039.22,23763.28,8275.94
Asia,Malaysia,Cereal,Online,M,12-03-2014,920591914,12-06-2014,2460,205.7,117.11,506022,288090.6,217931.4
Europe,San Marino,Cereal,Online,M,12/27/2012,577949368,01-03-2013,6916,205.7,117.11,1422621.2,809932.76,612688.44
Central America and the Caribbean,Dominica,Fruits,Offline,L,7/14/2010,661535155,7/14/2010,1808,9.33,6.92,16868.64,12511.36,4357.28
Europe,Italy,Baby Food,Online,H,3/24/2014,141710603,4/22/2014,4171,255.28,159.42,1064772.88,664940.82,399832.06
Europe,Andorra,Beverages,Online,L,11/15/2012,759149539,12/14/2012,8073,47.45,31.79,383063.85,256640.67,126423.18
North America,Canada,Meat,Offline,H,07-01-2011,274838292,8/17/2011,9613,421.89,364.69,4055628.57,3505764.97,549863.6
Sub-Saharan Africa,Mozambique,Cereal,Offline,H,5/23/2012,120075690,06-12-2012,1920,205.7,117.11,394944,224851.2,170092.8
Sub-Saharan Africa,Republic of the Congo,Baby Food,Offline,C,05-06-2011,446473062,6/24/2011,155,255.28,159.42,39568.4,24710.1,14858.3
Middle East and North Africa,Algeria,Personal Care,Offline,M,7/26/2016,575954234,8/15/2016,6512,81.73,56.67,532225.76,369035.04,163190.72
Australia and Oceania,Tonga,Snacks,Offline,H,8/16/2014,350755536,9/21/2014,5213,152.58,97.44,795399.54,507954.72,287444.82
Europe,Netherlands,Snacks,Offline,M,1/24/2012,583425796,2/28/2012,7513,152.58,97.44,1146333.54,732066.72,414266.82
Central America and the Caribbean,Saint Vincent and the Grenadines,Household,Online,M,07-06-2016,806826341,7/27/2016,6699,668.27,502.54,4476740.73,3366515.46,1110225.27
Asia,Taiwan,Fruits,Offline,L,2/23/2010,624131000,3/31/2010,3087,9.33,6.92,28801.71,21362.04,7439.67
Middle East and North Africa,Tunisia ,Vegetables,Online,C,1/30/2014,158826100,03-03-2014,9027,154.06,90.93,1390699.62,820825.11,569874.51
Sub-Saharan Africa,Sao Tome and Principe,Clothes,Online,C,5/30/2016,504710471,06-02-2016,3899,109.28,35.84,426082.72,139740.16,286342.56
Central America and the Caribbean,El Salvador,Cereal,Online,C,11/14/2013,575895440,11/19/2013,9113,205.7,117.11,1874544.1,1067223.43,807320.67
Central America and the Caribbean,Barbados,Cereal,Offline,M,8/15/2015,256804835,9/17/2015,3112,205.7,117.11,640138.4,364446.32,275692.08
Sub-Saharan Africa,Djibouti,Cosmetics,Offline,M,9/26/2016,852174985,11-08-2016,6370,437.2,263.33,2784964,1677412.1,1107551.9
Europe,Netherlands,Beverages,Offline,H,2/24/2017,137054717,3/28/2017,6391,47.45,31.79,303252.95,203169.89,100083.06
Australia and Oceania,New Zealand,Meat,Online,H,4/14/2010,906805360,4/22/2010,2712,421.89,364.69,1144165.68,989039.28,155126.4
Sub-Saharan Africa,Zambia,Office Supplies,Offline,L,2/17/2017,627100741,03-09-2017,1900,651.21,524.96,1237299,997424,239875
Sub-Saharan Africa,Namibia,Clothes,Offline,H,4/22/2014,883927190,5/19/2014,2553,109.28,35.84,278991.84,91499.52,187492.32
Central America and the Caribbean,Saint Kitts and Nevis ,Household,Offline,C,7/29/2013,633583533,8/27/2013,302,668.27,502.54,201817.54,151767.08,50050.46
Middle East and North Africa,Afghanistan,Cosmetics,Offline,C,8/13/2012,252681100,9/20/2012,2807,437.2,263.33,1227220.4,739167.31,488053.09
Central America and the Caribbean,Antigua and Barbuda ,Office Supplies,Offline,L,12/20/2013,188143718,12/23/2013,4762,651.21,524.96,3101062.02,2499859.52,601202.5
Australia and Oceania,New Zealand,Cereal,Offline,C,8/26/2013,507207715,10-07-2013,2889,205.7,117.11,594267.3,338330.79,255936.51
Sub-Saharan Africa,Niger,Cosmetics,Offline,M,7/17/2012,447421920,7/19/2012,944,437.2,263.33,412716.8,248583.52,164133.28
Central America and the Caribbean,Barbados,Fruits,Online,C,08-02-2012,666647660,08-03-2012,4712,9.33,6.92,43962.96,32607.04,11355.92
Sub-Saharan Africa,Zambia,Cosmetics,Online,M,12/30/2012,993058764,02-12-2013,7011,437.2,263.33,3065209.2,1846206.63,1219002.57
Europe,United Kingdom,Office Supplies,Offline,M,1/24/2014,875141561,03-10-2014,2690,651.21,524.96,1751754.9,1412142.4,339612.5
Europe,Netherlands,Personal Care,Online,L,05-07-2013,731694877,5/16/2013,3629,81.73,56.67,296598.17,205655.43,90942.74
Central America and the Caribbean,Honduras,Baby Food,Online,L,1/19/2017,601830041,1/26/2017,3738,255.28,159.42,954236.64,595911.96,358324.68
Europe,Iceland,Cosmetics,Offline,L,07-05-2013,594970881,8/20/2013,3960,437.2,263.33,1731312,1042786.8,688525.2
Australia and Oceania,Australia,Cereal,Online,H,11-01-2014,440853726,12/15/2014,7269,205.7,117.11,1495233.3,851272.59,643960.71
Sub-Saharan Africa,South Africa,Fruits,Online,M,4/13/2015,839527404,4/21/2015,3670,9.33,6.92,34241.1,25396.4,8844.7
Sub-Saharan Africa,Democratic Republic of the Congo,Household,Online,H,2/28/2010,311353242,3/14/2010,5198,668.27,502.54,3473667.46,2612202.92,861464.54
Europe,Germany,Vegetables,Online,C,10/15/2014,147005069,11-03-2014,921,154.06,90.93,141889.26,83746.53,58142.73
Central America and the Caribbean,Belize,Fruits,Online,H,04-02-2015,357469213,5/19/2015,1939,9.33,6.92,18090.87,13417.88,4672.99
Europe,Ukraine,Vegetables,Offline,C,1/20/2010,124044501,1/27/2010,6379,154.06,90.93,982748.74,580042.47,402706.27
Middle East and North Africa,Yemen,Vegetables,Offline,C,12-02-2013,948342263,12/30/2013,4405,154.06,90.93,678634.3,400546.65,278087.65
Europe,Albania,Cereal,Offline,L,2/18/2016,802286326,03-10-2016,3207,205.7,117.11,659679.9,375571.77,284108.13
Sub-Saharan Africa,Sierra Leone,Cereal,Offline,H,08-09-2014,878113019,8/20/2014,2011,205.7,117.11,413662.7,235508.21,178154.49
Sub-Saharan Africa,Madagascar,Cereal,Offline,H,02-09-2012,638371169,2/23/2012,7070,205.7,117.11,1454299,827967.7,626331.3
Sub-Saharan Africa,Botswana,Office Supplies,Online,L,6/23/2012,965922105,07-01-2012,6671,651.21,524.96,4344221.91,3502008.16,842213.75
Europe,Ukraine,Personal Care,Online,H,10/28/2016,113939654,11-06-2016,6131,81.73,56.67,501086.63,347443.77,153642.86
Middle East and North Africa,Qatar,Beverages,Online,M,03-08-2012,455910146,4/23/2012,2798,47.45,31.79,132765.1,88948.42,43816.68
Asia,Sri Lanka,Household,Offline,M,2/26/2013,835632407,04-04-2013,1054,668.27,502.54,704356.58,529677.16,174679.42
Europe,Estonia,Baby Food,Offline,L,09-09-2012,617217767,9/21/2012,7308,255.28,159.42,1865586.24,1165041.36,700544.88
Europe,Spain,Cereal,Online,L,2/28/2016,135090053,04-10-2016,5003,205.7,117.11,1029117.1,585901.33,443215.77
Asia,North Korea,Snacks,Online,L,11-08-2014,243985593,11/15/2014,9614,152.58,97.44,1466904.12,936788.16,530115.96
Sub-Saharan Africa,Seychelles ,Vegetables,Offline,H,6/28/2012,968953216,7/29/2012,3644,154.06,90.93,561394.64,331348.92,230045.72
Sub-Saharan Africa,Botswana,Vegetables,Offline,L,11-07-2013,155354249,12/24/2013,1629,154.06,90.93,250963.74,148124.97,102838.77
Central America and the Caribbean,Jamaica,Clothes,Online,C,06-04-2013,218862521,6/30/2013,5138,109.28,35.84,561480.64,184145.92,377334.72
Sub-Saharan Africa,Ethiopia,Cosmetics,Offline,H,05-01-2014,495464360,05-05-2014,7769,437.2,263.33,3396606.8,2045810.77,1350796.03
Europe,Portugal,Vegetables,Offline,H,12/22/2016,391458594,12/29/2016,152,154.06,90.93,23417.12,13821.36,9595.76
Asia,Mongolia,Household,Online,M,04-03-2015,733456552,4/24/2015,4947,668.27,502.54,3305931.69,2486065.38,819866.31
Europe,Bosnia and Herzegovina,Snacks,Online,C,6/26/2015,618382060,7/16/2015,1848,152.58,97.44,281967.84,180069.12,101898.72
Sub-Saharan Africa,Democratic Republic of the Congo,Baby Food,Online,H,6/23/2017,563471448,08-08-2017,2578,255.28,159.42,658111.84,410984.76,247127.08
Europe,Cyprus,Clothes,Online,L,10-02-2010,256273543,10/24/2010,5891,109.28,35.84,643768.48,211133.44,432635.04
Australia and Oceania,Papua New Guinea,Cosmetics,Online,C,03-07-2016,804649674,4/18/2016,2575,437.2,263.33,1125790,678074.75,447715.25
Australia and Oceania,Kiribati,Meat,Offline,C,1/20/2014,686773669,2/22/2014,445,421.89,364.69,187741.05,162287.05,25454
Europe,Ireland,Household,Offline,H,01-05-2016,701131856,02-11-2016,9352,668.27,502.54,6249661.04,4699754.08,1549906.96
Sub-Saharan Africa,Niger,Beverages,Offline,M,11-01-2015,816523063,12-05-2015,6174,47.45,31.79,292956.3,196271.46,96684.84
Sub-Saharan Africa,Ethiopia,Cereal,Offline,H,12-06-2015,622058618,12/23/2015,9823,205.7,117.11,2020591.1,1150371.53,870219.57
Australia and Oceania,Kiribati,Baby Food,Offline,C,12/31/2015,677162349,1/20/2016,6242,255.28,159.42,1593457.76,995099.64,598358.12
Asia,Thailand,Office Supplies,Online,L,10/18/2016,261570584,11/24/2016,3403,651.21,524.96,2216067.63,1786438.88,429628.75
Europe,Macedonia,Cereal,Online,C,05-11-2016,525332152,6/30/2016,6313,205.7,117.11,1298584.1,739315.43,559268.67
Sub-Saharan Africa,Mauritius ,Personal Care,Online,H,10/14/2013,438808381,10/20/2013,2006,81.73,56.67,163950.38,113680.02,50270.36
Sub-Saharan Africa,Comoros,Personal Care,Online,L,1/13/2013,842673099,2/23/2013,4551,81.73,56.67,371953.23,257905.17,114048.06
Europe,Hungary,Vegetables,Offline,M,7/19/2011,397912633,7/21/2011,45,154.06,90.93,6932.7,4091.85,2840.85
Europe,San Marino,Office Supplies,Offline,M,8/15/2011,535825812,09-12-2011,1620,651.21,524.96,1054960.2,850435.2,204525
Central America and the Caribbean,Dominica,Baby Food,Offline,H,08-12-2016,508023965,8/27/2016,4435,255.28,159.42,1132166.8,707027.7,425139.1
Central America and the Caribbean,Saint Vincent and the Grenadines,Office Supplies,Online,L,01-10-2012,536430919,1/13/2012,684,651.21,524.96,445427.64,359072.64,86355
Europe,Ukraine,Clothes,Offline,M,9/14/2014,463283002,10/28/2014,4590,109.28,35.84,501595.2,164505.6,337089.6
Europe,Luxembourg,Cereal,Online,C,1/21/2016,201129043,2/16/2016,7408,205.7,117.11,1523825.6,867550.88,656274.72
Europe,Portugal,Office Supplies,Online,H,2/18/2016,182830369,2/20/2016,2424,651.21,524.96,1578533.04,1272503.04,306030
Middle East and North Africa,Iraq,Clothes,Online,L,04-05-2012,911560809,4/19/2012,9955,109.28,35.84,1087882.4,356787.2,731095.2
Australia and Oceania,Papua New Guinea,Snacks,Offline,H,5/28/2010,710806691,6/13/2010,2350,152.58,97.44,358563,228984,129579
Central America and the Caribbean,Panama,Office Supplies,Online,M,10/21/2013,674366843,10/22/2013,8990,651.21,524.96,5854377.9,4719390.4,1134987.5
Sub-Saharan Africa,Sao Tome and Principe,Cosmetics,Online,C,8/18/2011,616352593,09-12-2011,1284,437.2,263.33,561364.8,338115.72,223249.08
Sub-Saharan Africa,Cape Verde,Snacks,Online,L,01-11-2013,421187770,02-12-2013,7676,152.58,97.44,1171204.08,747949.44,423254.64
Asia,Vietnam,Clothes,Online,H,02-01-2013,493608701,03-02-2013,8638,109.28,35.84,943960.64,309585.92,634374.72
North America,Mexico,Personal Care,Offline,H,9/26/2011,408664214,10-09-2011,1677,81.73,56.67,137061.21,95035.59,42025.62
Middle East and North Africa,Algeria,Office Supplies,Online,L,7/15/2017,261715638,8/27/2017,6328,651.21,524.96,4120856.88,3321946.88,798910
Central America and the Caribbean,Guatemala,Snacks,Online,L,8/15/2013,218436801,8/29/2013,9158,152.58,97.44,1397327.64,892355.52,504972.12
Europe,Monaco,Snacks,Online,L,6/22/2014,964814031,08-01-2014,8767,152.58,97.44,1337668.86,854256.48,483412.38
Central America and the Caribbean,Antigua and Barbuda ,Clothes,Offline,C,9/15/2016,557146155,10-03-2016,783,109.28,35.84,85566.24,28062.72,57503.52
Sub-Saharan Africa,Kenya,Office Supplies,Online,M,06-08-2010,272044503,6/19/2010,2869,651.21,524.96,1868321.49,1506110.24,362211.25
Europe,Croatia,Baby Food,Offline,C,05-01-2013,556432902,5/20/2013,9716,255.28,159.42,2480300.48,1548924.72,931375.76
Middle East and North Africa,Tunisia ,Fruits,Online,L,11-06-2013,577547681,11-12-2013,8048,9.33,6.92,75087.84,55692.16,19395.68
Asia,Malaysia,Cosmetics,Offline,C,11-12-2012,472937667,12-06-2012,1620,437.2,263.33,708264,426594.6,281669.4
Asia,Vietnam,Vegetables,Offline,H,4/28/2012,900464189,06-06-2012,6219,154.06,90.93,958099.14,565493.67,392605.47
Middle East and North Africa,Saudi Arabia,Meat,Online,H,06-11-2011,788301074,6/14/2011,4660,421.89,364.69,1966007.4,1699455.4,266552
Asia,Bhutan,Fruits,Online,H,07-04-2010,484934651,08-09-2010,1795,9.33,6.92,16747.35,12421.4,4325.95
Europe,Slovenia,Cereal,Offline,C,8/25/2014,409163749,10-04-2014,9501,205.7,117.11,1954355.7,1112662.11,841693.59
Central America and the Caribbean,Saint Kitts and Nevis ,Office Supplies,Offline,C,12-05-2014,600099694,01-09-2015,1690,651.21,524.96,1100544.9,887182.4,213362.5
Sub-Saharan Africa,Guinea,Household,Online,C,10/27/2014,267166316,11/23/2014,9305,668.27,502.54,6218252.35,4676134.7,1542117.65
Asia,Philippines,Baby Food,Offline,H,4/21/2011,940099942,5/28/2011,5319,255.28,159.42,1357834.32,847954.98,509879.34
Middle East and North Africa,Saudi Arabia,Clothes,Offline,H,10-08-2013,618949401,10/30/2013,9737,109.28,35.84,1064059.36,348974.08,715085.28
Sub-Saharan Africa,Burundi,Snacks,Offline,C,7/13/2017,524076020,7/18/2017,4595,152.58,97.44,701105.1,447736.8,253368.3
Europe,Cyprus,Personal Care,Offline,L,03-09-2015,146153628,4/24/2015,8961,81.73,56.67,732382.53,507819.87,224562.66
Australia and Oceania,Kiribati,Clothes,Offline,C,7/15/2015,396168553,7/31/2015,3934,109.28,35.84,429907.52,140994.56,288912.96
Sub-Saharan Africa,Central African Republic,Fruits,Offline,L,02-03-2017,455419623,03-04-2017,7642,9.33,6.92,71299.86,52882.64,18417.22
Sub-Saharan Africa,Botswana,Beverages,Online,C,11-09-2011,925518167,11/17/2011,247,47.45,31.79,11720.15,7852.13,3868.02
Europe,Belgium,Meat,Offline,L,10/29/2011,678388011,11/16/2011,8943,421.89,364.69,3772962.27,3261422.67,511539.6
Australia and Oceania,Fiji,Household,Online,H,12-02-2014,906265485,01-04-2015,2951,668.27,502.54,1972064.77,1482995.54,489069.23
Europe,Belarus,Beverages,Online,M,05-02-2016,171699416,5/21/2016,8528,47.45,31.79,404653.6,271105.12,133548.48
Asia,Cambodia,Snacks,Online,C,05-01-2012,257551133,05-03-2012,3959,152.58,97.44,604064.22,385764.96,218299.26
Asia,Sri Lanka,Clothes,Offline,C,08-08-2011,316994464,08-09-2011,4561,109.28,35.84,498426.08,163466.24,334959.84
Europe,Serbia,Baby Food,Offline,H,4/25/2016,923515737,06-09-2016,7684,255.28,159.42,1961571.52,1224983.28,736588.24
Europe,Malta,Baby Food,Online,M,10/15/2010,920913779,12-03-2010,7707,255.28,159.42,1967442.96,1228649.94,738793.02
Asia,Thailand,Household,Offline,M,09-07-2010,573299920,10/23/2010,1041,668.27,502.54,695669.07,523144.14,172524.93
Middle East and North Africa,Azerbaijan,Office Supplies,Online,M,10/21/2013,215097987,10/25/2013,1129,651.21,524.96,735216.09,592679.84,142536.25
Australia and Oceania,Vanuatu,Baby Food,Offline,C,06-11-2011,701044309,6/19/2011,3445,255.28,159.42,879439.6,549201.9,330237.7
Europe,Slovenia,Personal Care,Online,C,11/19/2014,256187713,12/16/2014,492,81.73,56.67,40211.16,27881.64,12329.52
Europe,Liechtenstein,Snacks,Online,C,10-08-2013,325889527,11/22/2013,6808,152.58,97.44,1038764.64,663371.52,375393.12
Sub-Saharan Africa,Sao Tome and Principe,Clothes,Online,M,2/25/2010,625823581,04-01-2010,3960,109.28,35.84,432748.8,141926.4,290822.4
Sub-Saharan Africa,Sudan,Beverages,Online,M,9/26/2014,491976201,10/28/2014,5546,47.45,31.79,263157.7,176307.34,86850.36
Sub-Saharan Africa,Zambia,Baby Food,Online,L,10-09-2012,230646216,10/19/2012,2196,255.28,159.42,560594.88,350086.32,210508.56
Middle East and North Africa,Tunisia ,Meat,Offline,L,4/22/2013,668444955,4/30/2013,6571,421.89,364.69,2772239.19,2396377.99,375861.2
Central America and the Caribbean,El Salvador,Baby Food,Online,L,1/30/2015,902296245,3/21/2015,8365,255.28,159.42,2135417.2,1333548.3,801868.9
North America,United States of America,Snacks,Offline,M,05-04-2010,549436414,5/28/2010,9299,152.58,97.44,1418841.42,906094.56,512746.86
Asia,Mongolia,Office Supplies,Online,C,4/25/2011,197414290,05-03-2011,8130,651.21,524.96,5294337.3,4267924.8,1026412.5
Asia,Mongolia,Snacks,Online,L,2/27/2016,954091203,04-11-2016,5644,152.58,97.44,861161.52,549951.36,311210.16
Sub-Saharan Africa,Malawi,Office Supplies,Offline,M,9/25/2012,397640979,10-02-2012,9657,651.21,524.96,6288734.97,5069538.72,1219196.25
Europe,Latvia,Cereal,Offline,M,09-08-2012,226549947,10/20/2012,19,205.7,117.11,3908.3,2225.09,1683.21
Europe,Macedonia,Cereal,Offline,M,5/14/2017,409616935,06-11-2017,3608,205.7,117.11,742165.6,422532.88,319632.72
Europe,Belgium,Cereal,Offline,C,1/16/2014,535953271,1/24/2014,9338,205.7,117.11,1920826.6,1093573.18,827253.42
Sub-Saharan Africa,Sierra Leone,Cereal,Online,L,7/20/2017,264982783,08-04-2017,3149,205.7,117.11,647749.3,368779.39,278969.91
Sub-Saharan Africa,Niger,Snacks,Offline,H,07-03-2013,676441800,8/16/2013,3016,152.58,97.44,460181.28,293879.04,166302.24
Europe,Croatia,Cosmetics,Online,M,1/31/2015,220379149,2/27/2015,3942,437.2,263.33,1723442.4,1038046.86,685395.54
Europe,Bulgaria,Office Supplies,Offline,L,10/27/2013,567156159,11-07-2013,2966,651.21,524.96,1931488.86,1557031.36,374457.5
Middle East and North Africa,Lebanon,Office Supplies,Offline,H,09-01-2013,757446658,10-03-2013,4153,651.21,524.96,2704475.13,2180158.88,524316.25
Europe,Albania,Office Supplies,Offline,L,1/26/2012,352236974,03-03-2012,3603,651.21,524.96,2346309.63,1891430.88,454878.75
Middle East and North Africa,Jordan,Beverages,Online,C,4/28/2011,782825934,05-11-2011,4445,47.45,31.79,210915.25,141306.55,69608.7
Europe,United Kingdom,Cosmetics,Online,L,10/14/2014,400824868,10/23/2014,1841,437.2,263.33,804885.2,484790.53,320094.67
Middle East and North Africa,Morocco,Office Supplies,Online,M,07-12-2015,328157603,7/26/2015,7982,651.21,524.96,5197958.22,4190230.72,1007727.5
Asia,Sri Lanka,Snacks,Online,H,04-03-2015,407060468,05-03-2015,7093,152.58,97.44,1082249.94,691141.92,391108.02
Europe,Montenegro,Personal Care,Offline,C,12-11-2012,550082290,1/24/2013,428,81.73,56.67,34980.44,24254.76,10725.68
Europe,Estonia,Office Supplies,Online,H,3/23/2016,290084397,04-02-2016,1274,651.21,524.96,829641.54,668799.04,160842.5
Europe,Bosnia and Herzegovina,Meat,Offline,C,11-05-2014,130240619,11/26/2014,9948,421.89,364.69,4196961.72,3627936.12,569025.6
Sub-Saharan Africa,Gabon,Meat,Online,L,10-09-2014,194037282,11-07-2014,8799,421.89,364.69,3712210.11,3208907.31,503302.8
Europe,San Marino,Vegetables,Offline,M,09-03-2011,675273215,10-01-2011,7205,154.06,90.93,1110002.3,655150.65,454851.65
Middle East and North Africa,Bahrain,Meat,Online,H,06-06-2017,488059747,6/29/2017,6580,421.89,364.69,2776036.2,2399660.2,376376
Sub-Saharan Africa,Swaziland,Clothes,Online,H,11/29/2010,416820704,12-08-2010,5364,109.28,35.84,586177.92,192245.76,393932.16
Central America and the Caribbean,Honduras,Personal Care,Offline,C,6/27/2017,866292417,08-10-2017,4032,81.73,56.67,329535.36,228493.44,101041.92
Sub-Saharan Africa,Comoros,Office Supplies,Online,M,5/14/2014,511523711,06-05-2014,88,651.21,524.96,57306.48,46196.48,11110
Europe,Luxembourg,Personal Care,Offline,M,02-12-2010,347875916,2/16/2010,3069,81.73,56.67,250829.37,173920.23,76909.14
Europe,Greece,Meat,Offline,C,08-03-2010,541022861,09-09-2010,9542,421.89,364.69,4025674.38,3479871.98,545802.4
Asia,Philippines,Cosmetics,Online,M,02-11-2015,876950871,3/14/2015,8106,437.2,263.33,3543943.2,2134552.98,1409390.22
North America,Greenland,Baby Food,Offline,H,9/28/2012,311958777,11-03-2012,4390,255.28,159.42,1120679.2,699853.8,420825.4
Europe,Serbia,Snacks,Offline,H,4/18/2016,122657907,4/30/2016,6055,152.58,97.44,923871.9,589999.2,333872.7
Asia,Vietnam,Snacks,Online,M,03-01-2013,755972087,3/13/2013,7795,152.58,97.44,1189361.1,759544.8,429816.3
Central America and the Caribbean,Haiti,Household,Offline,L,07-09-2014,479137647,8/28/2014,6332,668.27,502.54,4231485.64,3182083.28,1049402.36
Europe,Greece,Office Supplies,Offline,L,8/30/2013,329703414,9/24/2013,5422,651.21,524.96,3530860.62,2846333.12,684527.5
Sub-Saharan Africa,Lesotho,Personal Care,Online,M,7/15/2012,965530717,7/19/2012,850,81.73,56.67,69470.5,48169.5,21301
Central America and the Caribbean,Nicaragua,Cereal,Online,M,05-12-2010,414793384,6/24/2010,5435,205.7,117.11,1117979.5,636492.85,481486.65
Central America and the Caribbean,Antigua and Barbuda ,Fruits,Online,C,12/28/2014,825977742,01-02-2015,4024,9.33,6.92,37543.92,27846.08,9697.84
Central America and the Caribbean,Guatemala,Clothes,Offline,L,06-02-2016,817882621,7/21/2016,8498,109.28,35.84,928661.44,304568.32,624093.12
Sub-Saharan Africa,Democratic Republic of the Congo,Baby Food,Online,M,04-11-2013,429619348,5/21/2013,2767,255.28,159.42,706359.76,441115.14,265244.62
Middle East and North Africa,Qatar,Vegetables,Offline,H,08-10-2016,670611751,9/15/2016,7774,154.06,90.93,1197662.44,706889.82,490772.62
Europe,Estonia,Cereal,Online,M,10/27/2015,370596158,11-04-2015,6493,205.7,117.11,1335610.1,760395.23,575214.87
Sub-Saharan Africa,Benin,Vegetables,Offline,M,9/24/2012,229621398,10-07-2012,8929,154.06,90.93,1375601.74,811913.97,563687.77
Sub-Saharan Africa,Chad,Fruits,Online,C,3/25/2010,568048799,4/18/2010,7118,9.33,6.92,66410.94,49256.56,17154.38
Europe,France,Baby Food,Online,L,1/21/2016,876552188,1/21/2016,126,255.28,159.42,32165.28,20086.92,12078.36
Europe,Hungary,Vegetables,Offline,C,4/18/2016,266117894,05-02-2016,9053,154.06,90.93,1394705.18,823189.29,571515.89
Australia and Oceania,Federated States of Micronesia,Vegetables,Offline,C,01-11-2017,618044745,02-09-2017,2029,154.06,90.93,312587.74,184496.97,128090.77
Asia,Uzbekistan,Household,Offline,C,04-06-2010,733944070,4/23/2010,9215,668.27,502.54,6158108.05,4630906.1,1527201.95
Europe,Kosovo,Cosmetics,Offline,C,7/26/2015,385739696,09-08-2015,7803,437.2,263.33,3411471.6,2054763.99,1356707.61
Asia,North Korea,Vegetables,Offline,L,9/16/2015,765667951,10/19/2015,7016,154.06,90.93,1080884.96,637964.88,442920.08
Sub-Saharan Africa,Senegal,Baby Food,Online,C,6/18/2013,436277663,6/19/2013,3110,255.28,159.42,793920.8,495796.2,298124.6
Europe,Malta,Vegetables,Online,L,8/30/2012,280430161,9/25/2012,4371,154.06,90.93,673396.26,397455.03,275941.23
Sub-Saharan Africa,Guinea,Cereal,Offline,C,06-04-2014,351299273,6/26/2014,6117,205.7,117.11,1258266.9,716361.87,541905.03
Sub-Saharan Africa,Madagascar,Vegetables,Online,M,05-07-2013,322371327,5/28/2013,5694,154.06,90.93,877217.64,517755.42,359462.22
Sub-Saharan Africa,Malawi,Office Supplies,Offline,H,6/18/2016,837445151,7/27/2016,7485,651.21,524.96,4874306.85,3929325.6,944981.25
Australia and Oceania,Papua New Guinea,Personal Care,Offline,H,9/21/2016,360632073,9/28/2016,7899,81.73,56.67,645585.27,447636.33,197948.94
Sub-Saharan Africa,Sudan,Beverages,Offline,L,12-04-2011,126355922,1/19/2012,380,47.45,31.79,18031,12080.2,5950.8
Asia,Bangladesh,Office Supplies,Online,M,1/29/2016,989353024,03-06-2016,400,651.21,524.96,260484,209984,50500
Middle East and North Africa,Israel,Baby Food,Offline,C,03-06-2010,274672210,03-06-2010,466,255.28,159.42,118960.48,74289.72,44670.76
Middle East and North Africa,Jordan,Personal Care,Offline,H,2/27/2014,327674806,3/20/2014,5111,81.73,56.67,417722.03,289640.37,128081.66
Asia,Vietnam,Baby Food,Offline,H,12-05-2014,864034640,12/26/2014,5906,255.28,159.42,1507683.68,941534.52,566149.16
Asia,Mongolia,Snacks,Online,L,08-12-2015,319738042,9/19/2015,6447,152.58,97.44,983683.26,628195.68,355487.58
Europe,Malta,Snacks,Offline,L,08-12-2016,801083838,9/24/2016,7365,152.58,97.44,1123751.7,717645.6,406106.1
Europe,Serbia,Meat,Offline,H,10/31/2011,434683358,11/24/2011,1320,421.89,364.69,556894.8,481390.8,75504
Australia and Oceania,Nauru,Office Supplies,Online,C,2/25/2015,117460429,03-04-2015,8006,651.21,524.96,5213587.26,4202829.76,1010757.5
Europe,Montenegro,Snacks,Online,H,3/31/2011,366651380,05-01-2011,9146,152.58,97.44,1395496.68,891186.24,504310.44
Sub-Saharan Africa,Zambia,Fruits,Offline,H,05-06-2012,869805037,5/29/2012,3494,9.33,6.92,32599.02,24178.48,8420.54
Middle East and North Africa,Tunisia ,Household,Offline,L,08-09-2016,934782731,09-01-2016,1838,668.27,502.54,1228280.26,923668.52,304611.74
Sub-Saharan Africa,Democratic Republic of the Congo,Meat,Offline,H,11/21/2011,839758288,12-01-2011,1994,421.89,364.69,841248.66,727191.86,114056.8
Europe,San Marino,Household,Offline,C,5/30/2017,483218038,6/25/2017,3810,668.27,502.54,2546108.7,1914677.4,631431.3
Asia,Kyrgyzstan,Vegetables,Offline,L,10/21/2011,733960807,10/21/2011,4168,154.06,90.93,642122.08,378996.24,263125.84
Sub-Saharan Africa,Zambia,Fruits,Online,H,8/17/2012,281097924,9/14/2012,1977,9.33,6.92,18445.41,13680.84,4764.57
Sub-Saharan Africa,Senegal,Office Supplies,Online,L,01-01-2012,584053218,02-09-2012,3181,651.21,524.96,2071499.01,1669897.76,401601.25
Central America and the Caribbean,Guatemala,Meat,Offline,C,09-06-2010,922563016,10-05-2010,5753,421.89,364.69,2427133.17,2098061.57,329071.6
Europe,Andorra,Vegetables,Online,H,4/13/2014,646676146,5/15/2014,4697,154.06,90.93,723619.82,427098.21,296521.61
Sub-Saharan Africa,Sierra Leone,Office Supplies,Offline,M,4/30/2014,526753938,6/14/2014,7051,651.21,524.96,4591681.71,3701492.96,890188.75
Sub-Saharan Africa,The Gambia,Office Supplies,Offline,C,10-10-2014,503470218,10-10-2014,6880,651.21,524.96,4480324.8,3611724.8,868600
Middle East and North Africa,Saudi Arabia,Personal Care,Online,M,1/24/2013,137811315,3/15/2013,285,81.73,56.67,23293.05,16150.95,7142.1
Australia and Oceania,Papua New Guinea,Personal Care,Online,L,07-01-2011,861076056,7/27/2011,395,81.73,56.67,32283.35,22384.65,9898.7
Europe,Ukraine,Meat,Online,L,06-06-2013,124875771,07-08-2013,2371,421.89,364.69,1000301.19,864679.99,135621.2
Sub-Saharan Africa,Niger,Household,Offline,H,12-07-2011,851134288,12-10-2011,8405,668.27,502.54,5616809.35,4223848.7,1392960.65
Sub-Saharan Africa,Ghana,Cosmetics,Offline,M,04-12-2016,182087934,5/26/2016,2721,437.2,263.33,1189621.2,716520.93,473100.27
North America,Greenland,Cosmetics,Offline,C,4/24/2010,730285537,06-04-2010,6574,437.2,263.33,2874152.8,1731131.42,1143021.38
Europe,Albania,Personal Care,Offline,L,10/16/2016,228588426,12-03-2016,3250,81.73,56.67,265622.5,184177.5,81445
Europe,Slovenia,Office Supplies,Online,L,05-02-2010,980170428,05-08-2010,3066,651.21,524.96,1996609.86,1609527.36,387082.5
Central America and the Caribbean,Grenada,Office Supplies,Offline,M,1/15/2012,408517873,02-04-2012,8372,651.21,524.96,5451930.12,4394965.12,1056965
Europe,Kosovo,Office Supplies,Online,M,01-05-2010,507429587,02-07-2010,8546,651.21,524.96,5565240.66,4486308.16,1078932.5
North America,Mexico,Baby Food,Offline,M,2/19/2016,191016900,04-09-2016,5000,255.28,159.42,1276400,797100,479300
Asia,Vietnam,Beverages,Online,C,11-03-2016,243703639,11/17/2016,6177,47.45,31.79,293098.65,196366.83,96731.82
Middle East and North Africa,Algeria,Meat,Offline,H,10/14/2014,170226132,11/20/2014,2550,421.89,364.69,1075819.5,929959.5,145860
Australia and Oceania,Fiji,Office Supplies,Online,H,6/20/2017,445633208,6/30/2017,1624,651.21,524.96,1057565.04,852535.04,205030
Sub-Saharan Africa,Djibouti,Snacks,Offline,M,9/29/2010,265286195,11/13/2010,2935,152.58,97.44,447822.3,285986.4,161835.9
Middle East and North Africa,Israel,Fruits,Online,M,08-07-2015,694858920,9/14/2015,3051,9.33,6.92,28465.83,21112.92,7352.91
Sub-Saharan Africa,Namibia,Clothes,Offline,M,3/24/2016,620337712,3/24/2016,569,109.28,35.84,62180.32,20392.96,41787.36
Central America and the Caribbean,Costa Rica,Meat,Online,C,10/27/2016,798021399,11/27/2016,1121,421.89,364.69,472938.69,408817.49,64121.2
Middle East and North Africa,Syria,Meat,Offline,M,1/22/2015,704521310,03-05-2015,2366,421.89,364.69,998191.74,862856.54,135335.2
Asia,India,Snacks,Online,H,6/22/2013,786761271,7/26/2013,8999,152.58,97.44,1373067.42,876862.56,496204.86
Asia,India,Vegetables,Online,C,8/31/2015,211977612,9/20/2015,7741,154.06,90.93,1192578.46,703889.13,488689.33
Sub-Saharan Africa,Cote d'Ivoire,Snacks,Offline,L,12-07-2014,917719161,12-10-2014,2348,152.58,97.44,358257.84,228789.12,129468.72
Europe,Slovakia,Cereal,Offline,H,3/22/2013,861847245,05-10-2013,8607,205.7,117.11,1770459.9,1007965.77,762494.13
Asia,Mongolia,Clothes,Online,C,4/28/2017,772535693,05-07-2017,9334,109.28,35.84,1020019.52,334530.56,685488.96
Middle East and North Africa,Bahrain,Office Supplies,Offline,H,5/18/2012,998270833,5/21/2012,9378,651.21,524.96,6107047.38,4923074.88,1183972.5
Sub-Saharan Africa,Kenya,Household,Online,L,02-03-2011,157851493,03-10-2011,619,668.27,502.54,413659.13,311072.26,102586.87
Sub-Saharan Africa,Sierra Leone,Clothes,Offline,H,02-05-2012,990389001,2/28/2012,6969,109.28,35.84,761572.32,249768.96,511803.36
Sub-Saharan Africa,Ethiopia,Fruits,Online,C,4/19/2011,905307185,5/13/2011,9369,9.33,6.92,87412.77,64833.48,22579.29
Central America and the Caribbean,Saint Kitts and Nevis ,Vegetables,Offline,C,3/27/2013,532342374,04-03-2013,793,154.06,90.93,122169.58,72107.49,50062.09
Middle East and North Africa,Azerbaijan,Cosmetics,Online,L,03-01-2012,571543395,04-03-2012,1246,437.2,263.33,544751.2,328109.18,216642.02
Sub-Saharan Africa,Liberia,Beverages,Online,M,12/22/2010,443271577,1/13/2011,2765,47.45,31.79,131199.25,87899.35,43299.9
Europe,Monaco,Personal Care,Online,C,5/26/2017,538200747,6/28/2017,4416,81.73,56.67,360919.68,250254.72,110664.96
Sub-Saharan Africa,Seychelles ,Cosmetics,Online,M,07-12-2017,867317235,8/22/2017,7298,437.2,263.33,3190685.6,1921782.34,1268903.26
Middle East and North Africa,Turkey,Personal Care,Offline,H,06-10-2017,611919867,6/16/2017,9542,81.73,56.67,779867.66,540745.14,239122.52
Sub-Saharan Africa,Angola,Personal Care,Online,M,9/18/2016,373619973,9/21/2016,1308,81.73,56.67,106902.84,74124.36,32778.48
North America,Mexico,Baby Food,Online,M,3/15/2012,824341380,05-01-2012,9788,255.28,159.42,2498680.64,1560402.96,938277.68
Middle East and North Africa,Somalia,Fruits,Online,M,12/20/2016,456320416,12/31/2016,4207,9.33,6.92,39251.31,29112.44,10138.87
Europe,San Marino,Cosmetics,Online,C,1/24/2011,532105910,02-05-2011,818,437.2,263.33,357629.6,215403.94,142225.66
Sub-Saharan Africa,Tanzania,Cereal,Online,L,6/20/2013,134559190,7/17/2013,7909,205.7,117.11,1626881.3,926222.99,700658.31
Europe,Slovakia,Personal Care,Online,H,2/23/2010,216854083,3/16/2010,797,81.73,56.67,65138.81,45165.99,19972.82
Middle East and North Africa,Iran,Clothes,Offline,C,11-07-2010,452476918,12-03-2010,6830,109.28,35.84,746382.4,244787.2,501595.2
Middle East and North Africa,Somalia,Cereal,Offline,C,1/16/2015,585226523,1/23/2015,388,205.7,117.11,79811.6,45438.68,34372.92
Sub-Saharan Africa,Sudan,Household,Offline,H,8/31/2015,879214227,10/18/2015,7883,668.27,502.54,5267972.41,3961522.82,1306449.59
Sub-Saharan Africa,Benin,Household,Online,H,07-08-2010,768863856,7/23/2010,2756,668.27,502.54,1841752.12,1385000.24,456751.88
Asia,Malaysia,Beverages,Offline,M,08-11-2013,208911740,9/24/2013,481,47.45,31.79,22823.45,15290.99,7532.46
Australia and Oceania,Federated States of Micronesia,Household,Offline,H,07-08-2013,124406707,07-09-2013,3564,668.27,502.54,2381714.28,1791052.56,590661.72
Asia,Japan,Meat,Online,C,01-08-2015,160710084,02-02-2015,6540,421.89,364.69,2759160.6,2385072.6,374088
Europe,Slovenia,Office Supplies,Online,M,08-08-2012,933495700,9/14/2012,977,651.21,524.96,636232.17,512885.92,123346.25
Europe,Finland,Beverages,Online,M,12/18/2016,878749883,01-08-2017,473,47.45,31.79,22443.85,15036.67,7407.18
Australia and Oceania,Vanuatu,Beverages,Offline,C,05-11-2013,302771461,05-12-2013,5658,47.45,31.79,268472.1,179867.82,88604.28
Sub-Saharan Africa,Guinea-Bissau,Clothes,Online,C,10/31/2010,932171761,11/17/2010,9194,109.28,35.84,1004720.32,329512.96,675207.36
Europe,Iceland,Baby Food,Online,H,09-12-2015,963874614,10/25/2015,772,255.28,159.42,197076.16,123072.24,74003.92
Europe,Kosovo,Cereal,Offline,H,8/16/2012,915116345,09-01-2012,2117,205.7,117.11,435466.9,247921.87,187545.03
Sub-Saharan Africa,Malawi,Fruits,Offline,C,11-07-2013,473445785,11/23/2013,1984,9.33,6.92,18510.72,13729.28,4781.44
Europe,Slovakia,Clothes,Offline,H,07-12-2017,746724259,08-12-2017,1157,109.28,35.84,126436.96,41466.88,84970.08
Sub-Saharan Africa,Comoros,Snacks,Offline,M,07-08-2011,213125598,8/18/2011,7455,152.58,97.44,1137483.9,726415.2,411068.7
Central America and the Caribbean,Honduras,Office Supplies,Offline,C,1/13/2015,571136128,2/20/2015,727,651.21,524.96,473429.67,381645.92,91783.75
Sub-Saharan Africa,Guinea,Clothes,Online,M,4/15/2014,889554679,4/16/2014,7852,109.28,35.84,858066.56,281415.68,576650.88
Central America and the Caribbean,Dominica,Personal Care,Online,L,09-08-2011,757492578,10-03-2011,7742,81.73,56.67,632753.66,438739.14,194014.52
Sub-Saharan Africa,Uganda,Beverages,Offline,C,07-01-2014,734373652,08-11-2014,6338,47.45,31.79,300738.1,201485.02,99253.08
Europe,Montenegro,Vegetables,Online,H,11/28/2015,999934232,01-10-2016,1615,154.06,90.93,248806.9,146851.95,101954.95
Europe,Belgium,Clothes,Online,H,12/15/2013,904223144,12/31/2013,8577,109.28,35.84,937294.56,307399.68,629894.88
Europe,Serbia,Household,Online,M,4/24/2015,317601716,4/30/2015,4260,668.27,502.54,2846830.2,2140820.4,706009.8
Europe,Iceland,Personal Care,Offline,C,05-10-2016,980743777,6/27/2016,2733,81.73,56.67,223368.09,154879.11,68488.98
Middle East and North Africa,United Arab Emirates,Baby Food,Offline,M,7/15/2014,654635655,8/24/2014,93,255.28,159.42,23741.04,14826.06,8914.98
Sub-Saharan Africa,Mali,Office Supplies,Offline,L,2/23/2012,770576179,03-12-2012,9470,651.21,524.96,6166958.7,4971371.2,1195587.5
Central America and the Caribbean,Costa Rica,Baby Food,Offline,L,7/19/2012,580176675,8/21/2012,6026,255.28,159.42,1538317.28,960664.92,577652.36
Europe,United Kingdom,Cereal,Online,M,5/19/2016,305360972,06-09-2016,1952,205.7,117.11,401526.4,228598.72,172927.68
Europe,San Marino,Household,Online,L,3/16/2010,688365399,4/21/2010,1474,668.27,502.54,985029.98,740743.96,244286.02
Sub-Saharan Africa,Cameroon,Baby Food,Online,L,9/21/2015,741738784,10-06-2015,5844,255.28,159.42,1491856.32,931650.48,560205.84
Europe,Albania,Beverages,Offline,M,04-05-2010,898342454,4/17/2010,8350,47.45,31.79,396207.5,265446.5,130761
Sub-Saharan Africa,Ethiopia,Meat,Offline,M,11-12-2013,761350238,12-01-2013,9309,421.89,364.69,3927374.01,3394899.21,532474.8
Europe,Switzerland,Office Supplies,Online,L,05-10-2017,454248464,6/18/2017,1070,651.21,524.96,696794.7,561707.2,135087.5
Europe,Germany,Household,Online,C,5/26/2016,170835959,06-10-2016,3012,668.27,502.54,2012829.24,1513650.48,499178.76
Australia and Oceania,Tonga,Household,Offline,M,4/24/2015,625224053,4/27/2015,6546,668.27,502.54,4374495.42,3289626.84,1084868.58
Europe,Portugal,Cosmetics,Online,H,09-02-2015,801836574,10/21/2015,116,437.2,263.33,50715.2,30546.28,20168.92
Sub-Saharan Africa,Gabon,Household,Offline,L,7/22/2012,205409848,7/29/2012,4194,668.27,502.54,2802724.38,2107652.76,695071.62
Middle East and North Africa,Pakistan,Household,Online,H,6/22/2013,210992705,7/18/2013,6285,668.27,502.54,4200076.95,3158463.9,1041613.05
Asia,Taiwan,Vegetables,Online,C,11-04-2011,913946473,11/17/2011,5926,154.06,90.93,912959.56,538851.18,374108.38
Asia,Malaysia,Fruits,Online,M,07-06-2013,679944980,7/23/2013,9684,9.33,6.92,90351.72,67013.28,23338.44
Central America and the Caribbean,Honduras,Office Supplies,Online,L,3/30/2010,194974553,5/17/2010,6158,651.21,524.96,4010151.18,3232703.68,777447.5
Sub-Saharan Africa,Burundi,Cosmetics,Online,L,10/20/2013,215334022,10/24/2013,977,437.2,263.33,427144.4,257273.41,169870.99
Asia,Laos,Vegetables,Online,C,4/18/2014,217634713,06-07-2014,1803,154.06,90.93,277770.18,163946.79,113823.39
Australia and Oceania,Solomon Islands,Baby Food,Offline,H,04-03-2014,648800456,05-06-2014,3328,255.28,159.42,849571.84,530549.76,319022.08
Europe,Ukraine,Cereal,Offline,L,04-12-2017,676067578,05-01-2017,2275,205.7,117.11,467967.5,266425.25,201542.25
Middle East and North Africa,Afghanistan,Office Supplies,Offline,C,09-03-2016,436984908,9/13/2016,2400,651.21,524.96,1562904,1259904,303000
Middle East and North Africa,Tunisia ,Household,Offline,M,5/19/2014,589413774,06-09-2014,9489,668.27,502.54,6341214.03,4768602.06,1572611.97
Central America and the Caribbean,Grenada,Household,Offline,L,03-10-2017,961528003,3/14/2017,6358,668.27,502.54,4248860.66,3195149.32,1053711.34
Sub-Saharan Africa,Nigeria,Clothes,Online,L,3/28/2010,101813924,4/26/2010,7857,109.28,35.84,858612.96,281594.88,577018.08
Asia,Cambodia,Clothes,Online,C,10/24/2013,229070365,12/13/2013,5866,109.28,35.84,641036.48,210237.44,430799.04
Asia,Malaysia,Clothes,Offline,M,5/24/2011,482408654,6/27/2011,4296,109.28,35.84,469466.88,153968.64,315498.24
Europe,Denmark,Vegetables,Offline,C,01-11-2014,971252620,2/19/2014,4088,154.06,90.93,629797.28,371721.84,258075.44
Asia,Bhutan,Clothes,Online,C,2/16/2011,525338590,3/24/2011,8218,109.28,35.84,898063.04,294533.12,603529.92
Sub-Saharan Africa,Comoros,Cosmetics,Online,L,1/28/2012,744715392,2/28/2012,6689,437.2,263.33,2924430.8,1761414.37,1163016.43
Australia and Oceania,Kiribati,Household,Online,C,03-11-2012,149744355,4/28/2012,1537,668.27,502.54,1027130.99,772403.98,254727.01
Central America and the Caribbean,Cuba,Office Supplies,Offline,L,8/23/2011,931099307,10-07-2011,1831,651.21,524.96,1192365.51,961201.76,231163.75
Europe,Macedonia,Cosmetics,Online,C,8/30/2011,399766576,10/15/2011,8668,437.2,263.33,3789649.6,2282544.44,1507105.16
Central America and the Caribbean,Jamaica,Cereal,Online,C,10-03-2010,437044990,10/15/2010,179,205.7,117.11,36820.3,20962.69,15857.61
Middle East and North Africa,Tunisia ,Household,Offline,H,1/26/2016,744545876,2/13/2016,6525,668.27,502.54,4360461.75,3279073.5,1081388.25
Sub-Saharan Africa,The Gambia,Beverages,Online,M,11/21/2016,194193065,12/19/2016,4898,47.45,31.79,232410.1,155707.42,76702.68
Europe,Slovakia,Vegetables,Offline,M,2/18/2011,878222882,03-07-2011,4522,154.06,90.93,696659.32,411185.46,285473.86
Middle East and North Africa,Bahrain,Personal Care,Online,H,9/17/2016,459184157,9/17/2016,1651,81.73,56.67,134936.23,93562.17,41374.06
Europe,Malta,Cereal,Online,H,9/29/2014,719938218,10-04-2014,4572,205.7,117.11,940460.4,535426.92,405033.48
Europe,Albania,Fruits,Online,L,11/30/2013,813658893,1/18/2014,8602,9.33,6.92,80256.66,59525.84,20730.82
Central America and the Caribbean,Haiti,Office Supplies,Offline,C,5/27/2016,413832509,06-05-2016,1091,651.21,524.96,710470.11,572731.36,137738.75
Sub-Saharan Africa,Eritrea,Baby Food,Online,C,02-03-2014,164257895,02-07-2014,6416,255.28,159.42,1637876.48,1022838.72,615037.76
Sub-Saharan Africa,Senegal,Beverages,Offline,L,1/28/2015,329046380,2/13/2015,991,47.45,31.79,47022.95,31503.89,15519.06
Europe,Ukraine,Meat,Offline,C,2/25/2017,342621791,03-10-2017,8257,421.89,364.69,3483545.73,3011245.33,472300.4
Middle East and North Africa,Lebanon,Household,Online,M,8/15/2011,159720456,09-12-2011,3687,668.27,502.54,2463911.49,1852864.98,611046.51
Sub-Saharan Africa,Ghana,Office Supplies,Online,L,05-01-2017,705391204,06-02-2017,9787,651.21,524.96,6373392.27,5137783.52,1235608.75
Australia and Oceania,Nauru,Personal Care,Offline,C,05-10-2016,724995362,5/18/2016,1094,81.73,56.67,89412.62,61996.98,27415.64
Sub-Saharan Africa,Zambia,Baby Food,Offline,C,10-02-2010,834206759,11-01-2010,9173,255.28,159.42,2341683.44,1462359.66,879323.78
Sub-Saharan Africa,Angola,Fruits,Online,M,3/20/2011,369011723,4/21/2011,7624,9.33,6.92,71131.92,52758.08,18373.84
Central America and the Caribbean,Panama,Cosmetics,Offline,M,7/29/2010,535709083,09-07-2010,7077,437.2,263.33,3094064.4,1863586.41,1230477.99
Asia,Turkmenistan,Cosmetics,Offline,C,4/21/2010,360910165,5/30/2010,193,437.2,263.33,84379.6,50822.69,33556.91
Sub-Saharan Africa,Senegal,Snacks,Offline,C,9/18/2016,741538798,9/24/2016,6664,152.58,97.44,1016793.12,649340.16,367452.96
Europe,Liechtenstein,Office Supplies,Offline,L,6/24/2014,394831311,7/24/2014,8214,651.21,524.96,5349038.94,4312021.44,1037017.5
Sub-Saharan Africa,Gabon,Office Supplies,Online,C,10/31/2015,808336532,12-07-2015,3598,651.21,524.96,2343053.58,1888806.08,454247.5
Sub-Saharan Africa,Lesotho,Baby Food,Offline,C,05-09-2011,389915788,5/26/2011,3601,255.28,159.42,919263.28,574071.42,345191.86
Sub-Saharan Africa,The Gambia,Vegetables,Online,L,8/14/2011,317742908,8/14/2011,6042,154.06,90.93,930830.52,549399.06,381431.46
Sub-Saharan Africa,Mozambique,Office Supplies,Offline,C,2/17/2013,490304219,3/17/2013,769,651.21,524.96,500780.49,403694.24,97086.25
North America,Greenland,Office Supplies,Online,M,3/29/2017,876398551,4/28/2017,4662,651.21,524.96,3035941.02,2447363.52,588577.5
Europe,Czech Republic,Cosmetics,Offline,M,3/21/2011,165137231,3/21/2011,6631,437.2,263.33,2899073.2,1746141.23,1152931.97
Asia,China,Personal Care,Offline,M,6/20/2017,715944087,07-10-2017,2620,81.73,56.67,214132.6,148475.4,65657.2
Europe,Estonia,Office Supplies,Online,L,1/13/2014,908555448,2/17/2014,602,651.21,524.96,392028.42,316025.92,76002.5
Europe,Italy,Office Supplies,Online,L,02-06-2014,993020141,03-06-2014,5582,651.21,524.96,3635054.22,2930326.72,704727.5
Middle East and North Africa,Bahrain,Baby Food,Offline,C,10-06-2016,839699494,11/21/2016,4595,255.28,159.42,1173011.6,732534.9,440476.7
Asia,South Korea,Baby Food,Offline,H,11-02-2010,389267337,11/25/2010,1710,255.28,159.42,436528.8,272608.2,163920.6
Europe,France,Household,Offline,C,6/23/2016,102709996,07-01-2016,3025,668.27,502.54,2021516.75,1520183.5,501333.25
Sub-Saharan Africa,Comoros,Meat,Offline,C,04-07-2013,511326301,5/15/2013,1670,421.89,364.69,704556.3,609032.3,95524
Sub-Saharan Africa,Central African Republic,Household,Offline,H,2/20/2012,866727578,03-02-2012,2806,668.27,502.54,1875165.62,1410127.24,465038.38
Middle East and North Africa,Yemen,Household,Offline,C,9/24/2013,490837657,10-11-2013,8625,668.27,502.54,5763828.75,4334407.5,1429421.25
Middle East and North Africa,United Arab Emirates,Vegetables,Offline,M,03-06-2012,125892865,03-12-2012,3351,154.06,90.93,516255.06,304706.43,211548.63
Sub-Saharan Africa,Zambia,Baby Food,Online,M,01-12-2014,584442031,1/30/2014,8239,255.28,159.42,2103251.92,1313461.38,789790.54
Europe,Estonia,Office Supplies,Offline,M,10-10-2011,499346482,10/15/2011,6576,651.21,524.96,4282356.96,3452136.96,830220
Asia,Kyrgyzstan,Snacks,Offline,L,4/19/2010,373780047,4/29/2010,8677,152.58,97.44,1323936.66,845486.88,478449.78
Europe,San Marino,Clothes,Offline,H,7/28/2015,331229054,09-02-2015,6893,109.28,35.84,753267.04,247045.12,506221.92
Europe,Latvia,Cereal,Online,C,09-09-2015,565492331,10-05-2015,602,205.7,117.11,123831.4,70500.22,53331.18
Europe,Slovakia,Meat,Online,M,12/17/2014,890681207,1/22/2015,1217,421.89,364.69,513440.13,443827.73,69612.4
Sub-Saharan Africa,Nigeria,Household,Offline,L,12/21/2014,291219508,12/31/2014,7179,668.27,502.54,4797510.33,3607734.66,1189775.67
Europe,Macedonia,Baby Food,Offline,L,10/20/2010,971843564,10/25/2010,8962,255.28,159.42,2287819.36,1428722.04,859097.32
Central America and the Caribbean,Costa Rica,Baby Food,Online,M,07-10-2017,707602202,7/29/2017,4071,255.28,159.42,1039244.88,648998.82,390246.06
Central America and the Caribbean,The Bahamas,Cereal,Online,M,06-01-2013,493856751,06-10-2013,2042,205.7,117.11,420039.4,239138.62,180900.78
Asia,Cambodia,Meat,Offline,M,11/24/2011,496281039,12/18/2011,9443,421.89,364.69,3983907.27,3443767.67,540139.6
Europe,Russia,Vegetables,Offline,M,4/21/2012,500861394,5/14/2012,4872,154.06,90.93,750580.32,443010.96,307569.36
Sub-Saharan Africa,Sao Tome and Principe,Baby Food,Offline,C,04-03-2011,363896644,04-09-2011,3958,255.28,159.42,1010398.24,630984.36,379413.88
Australia and Oceania,Nauru,Vegetables,Online,L,01-01-2014,461998116,02-06-2014,4364,154.06,90.93,672317.84,396818.52,275499.32
Australia and Oceania,Vanuatu,Office Supplies,Offline,M,07-05-2015,342089641,7/16/2015,781,651.21,524.96,508595.01,409993.76,98601.25
Asia,South Korea,Cereal,Offline,L,10/19/2011,971407544,12-05-2011,9934,205.7,117.11,2043423.8,1163370.74,880053.06
Central America and the Caribbean,Nicaragua,Fruits,Online,L,4/27/2011,687500655,06-11-2011,5577,9.33,6.92,52033.41,38592.84,13440.57
Asia,Mongolia,Meat,Online,L,01-05-2016,148230302,1/26/2016,3495,421.89,364.69,1474505.55,1274591.55,199914
Middle East and North Africa,Iraq,Clothes,Online,L,07-11-2017,981770312,08-08-2017,6507,109.28,35.84,711084.96,233210.88,477874.08
Central America and the Caribbean,Costa Rica,Vegetables,Offline,L,2/23/2016,836607015,3/28/2016,9462,154.06,90.93,1457715.72,860379.66,597336.06
Europe,Cyprus,Beverages,Online,M,01-02-2017,131539237,2/14/2017,4238,47.45,31.79,201093.1,134726.02,66367.08
Europe,Finland,Beverages,Online,C,2/28/2011,705678308,3/23/2011,4748,47.45,31.79,225292.6,150938.92,74353.68
Australia and Oceania,Samoa ,Household,Offline,H,3/28/2017,868448054,4/30/2017,1933,668.27,502.54,1291765.91,971409.82,320356.09
Europe,Monaco,Vegetables,Online,C,1/23/2017,349584805,03-06-2017,8767,154.06,90.93,1350644.02,797183.31,553460.71
Europe,Czech Republic,Vegetables,Offline,L,6/16/2012,749137389,6/22/2012,5256,154.06,90.93,809739.36,477928.08,331811.28
Middle East and North Africa,Afghanistan,Household,Online,C,11/18/2013,587467133,11/18/2013,3434,668.27,502.54,2294839.18,1725722.36,569116.82
Sub-Saharan Africa,Madagascar,Office Supplies,Online,L,12-07-2013,255247867,01-10-2014,2371,651.21,524.96,1544018.91,1244680.16,299338.75
Asia,Japan,Office Supplies,Offline,C,11-03-2013,663465917,12-01-2013,3163,651.21,524.96,2059777.23,1660448.48,399328.75
Asia,South Korea,Household,Online,C,02-11-2012,993420112,3/28/2012,3942,668.27,502.54,2634320.34,1981012.68,653307.66
Sub-Saharan Africa,Uganda,Baby Food,Offline,M,11/24/2015,946721780,12-05-2015,4868,255.28,159.42,1242703.04,776056.56,466646.48
Asia,Japan,Cosmetics,Offline,M,6/23/2014,295294749,7/31/2014,3133,437.2,263.33,1369747.6,825012.89,544734.71
Sub-Saharan Africa,Madagascar,Household,Online,L,05-04-2013,231375348,05-05-2013,7962,668.27,502.54,5320765.74,4001223.48,1319542.26
Sub-Saharan Africa,Zimbabwe,Cosmetics,Online,L,04-05-2015,217512404,4/22/2015,5609,437.2,263.33,2452254.8,1477017.97,975236.83
Asia,Cambodia,Cosmetics,Offline,C,6/29/2016,236567246,07-11-2016,4360,437.2,263.33,1906192,1148118.8,758073.2
Asia,Taiwan,Cosmetics,Online,L,08-02-2010,341713702,08-05-2010,9533,437.2,263.33,4167827.6,2510324.89,1657502.71
Asia,Taiwan,Fruits,Offline,C,11-09-2014,206438100,11/29/2014,8476,9.33,6.92,79081.08,58653.92,20427.16
Europe,Bulgaria,Baby Food,Offline,M,8/13/2013,474539268,09-11-2013,5569,255.28,159.42,1421654.32,887809.98,533844.34
Sub-Saharan Africa,Swaziland,Vegetables,Online,M,12/18/2014,510128533,12/30/2014,7224,154.06,90.93,1112929.44,656878.32,456051.12
Europe,Moldova ,Personal Care,Online,H,09-10-2016,647629725,10/19/2016,6882,81.73,56.67,562465.86,390002.94,172462.92
Europe,Latvia,Personal Care,Offline,C,02-06-2010,841779172,3/19/2010,18,81.73,56.67,1471.14,1020.06,451.08
Central America and the Caribbean,Saint Lucia,Office Supplies,Online,L,1/17/2014,217625701,2/26/2014,9136,651.21,524.96,5949454.56,4796034.56,1153420
Australia and Oceania,Fiji,Snacks,Online,M,08-05-2010,220530641,8/23/2010,8772,152.58,97.44,1338431.76,854743.68,483688.08
Europe,Kosovo,Clothes,Online,C,12-11-2016,566167819,12-11-2016,494,109.28,35.84,53984.32,17704.96,36279.36
Asia,North Korea,Clothes,Offline,L,07-06-2013,590523564,7/28/2013,7900,109.28,35.84,863312,283136,580176
Europe,Denmark,Personal Care,Online,H,11-03-2015,599896705,11-08-2015,1621,81.73,56.67,132484.33,91862.07,40622.26
North America,United States of America,Clothes,Offline,M,04-01-2010,520898568,05-10-2010,4317,109.28,35.84,471761.76,154721.28,317040.48
Europe,Latvia,Snacks,Offline,C,8/20/2010,350452983,10-07-2010,5680,152.58,97.44,866654.4,553459.2,313195.2
Europe,San Marino,Baby Food,Offline,H,10/21/2016,605796277,11-11-2016,7435,255.28,159.42,1898006.8,1185287.7,712719.1
Sub-Saharan Africa,Guinea,Snacks,Online,H,9/17/2010,974477279,10/23/2010,8337,152.58,97.44,1272059.46,812357.28,459702.18
Asia,Vietnam,Office Supplies,Offline,C,3/21/2013,764357316,4/21/2013,9170,651.21,524.96,5971595.7,4813883.2,1157712.5
Sub-Saharan Africa,Sierra Leone,Baby Food,Online,M,03-11-2012,253610217,4/18/2012,7754,255.28,159.42,1979441.12,1236142.68,743298.44
Asia,Nepal,Personal Care,Online,M,9/14/2011,240722310,10/30/2011,3936,81.73,56.67,321689.28,223053.12,98636.16
Europe,Hungary,Fruits,Offline,L,02-05-2013,694492423,3/14/2013,4596,9.33,6.92,42880.68,31804.32,11076.36
Asia,Thailand,Beverages,Online,M,3/22/2011,304031884,3/25/2011,8646,47.45,31.79,410252.7,274856.34,135396.36
Middle East and North Africa,Kuwait,Meat,Offline,M,05-04-2013,528764522,06-01-2013,2027,421.89,364.69,855171.03,739226.63,115944.4
Europe,Belgium,Household,Offline,L,8/20/2012,648426663,8/24/2012,2714,668.27,502.54,1813684.78,1363893.56,449791.22
North America,Canada,Cosmetics,Offline,M,9/20/2014,913067138,10-07-2014,5711,437.2,263.33,2496849.2,1503877.63,992971.57
Sub-Saharan Africa,Uganda,Personal Care,Online,M,2/13/2011,293047273,2/26/2011,8055,81.73,56.67,658335.15,456476.85,201858.3
Sub-Saharan Africa,Madagascar,Personal Care,Offline,C,05-12-2013,529040896,06-07-2013,3813,81.73,56.67,311636.49,216082.71,95553.78
Europe,Spain,Office Supplies,Online,M,4/27/2011,282034337,05-02-2011,9083,651.21,524.96,5914940.43,4768211.68,1146728.75
Sub-Saharan Africa,Botswana,Clothes,Offline,L,11-11-2014,983326423,12/17/2014,6995,109.28,35.84,764413.6,250700.8,513712.8
Sub-Saharan Africa,Sudan,Personal Care,Offline,C,3/15/2012,984528481,04-02-2012,2711,81.73,56.67,221570.03,153632.37,67937.66
Asia,Maldives,Office Supplies,Online,C,7/22/2011,507564342,09-01-2011,8423,651.21,524.96,5485141.83,4421738.08,1063403.75
Asia,Philippines,Fruits,Online,M,8/16/2014,294670331,8/20/2014,8354,9.33,6.92,77942.82,57809.68,20133.14
Middle East and North Africa,Jordan,Cosmetics,Offline,L,10/25/2012,258395278,12/13/2012,3760,437.2,263.33,1643872,990120.8,653751.2
Europe,Portugal,Cosmetics,Offline,L,10-05-2013,831600511,11-01-2013,7926,437.2,263.33,3465247.2,2087153.58,1378093.62
Europe,Monaco,Fruits,Online,M,10-11-2014,717459857,11-09-2014,1170,9.33,6.92,10916.1,8096.4,2819.7
Europe,Ukraine,Cosmetics,Online,H,04-05-2014,939459645,4/16/2014,5841,437.2,263.33,2553685.2,1538110.53,1015574.67
Europe,Slovenia,Clothes,Online,C,6/14/2015,791398704,6/29/2015,1318,109.28,35.84,144031.04,47237.12,96793.92
Asia,South Korea,Personal Care,Offline,C,1/31/2015,987388360,3/19/2015,9013,81.73,56.67,736632.49,510766.71,225865.78
Europe,Armenia,Vegetables,Offline,M,9/30/2014,511852443,11/19/2014,7367,154.06,90.93,1134960.02,669881.31,465078.71
Asia,Vietnam,Meat,Offline,L,02-02-2017,669527280,03-07-2017,6855,421.89,364.69,2892055.95,2499949.95,392106
Australia and Oceania,Tonga,Personal Care,Online,C,6/22/2014,135461699,08-03-2014,4982,81.73,56.67,407178.86,282329.94,124848.92
Asia,Laos,Beverages,Offline,M,6/18/2015,805017030,7/23/2015,1283,47.45,31.79,60878.35,40786.57,20091.78
Asia,China,Snacks,Online,C,10-03-2010,143867099,10-12-2010,2326,152.58,97.44,354901.08,226645.44,128255.64
Europe,Kosovo,Office Supplies,Online,M,11-02-2014,637998235,11/29/2014,6710,651.21,524.96,4369619.1,3522481.6,847137.5
Asia,Maldives,Baby Food,Offline,M,10-02-2016,343709266,11-08-2016,65,255.28,159.42,16593.2,10362.3,6230.9
Sub-Saharan Africa,Uganda,Meat,Offline,L,03-09-2014,537611520,4/28/2014,50,421.89,364.69,21094.5,18234.5,2860
Asia,Malaysia,Baby Food,Offline,H,3/28/2017,766628825,4/14/2017,1360,255.28,159.42,347180.8,216811.2,130369.6
Sub-Saharan Africa,Benin,Fruits,Online,C,05-12-2014,197997510,5/14/2014,718,9.33,6.92,6698.94,4968.56,1730.38
Middle East and North Africa,Iran,Fruits,Online,L,01-03-2014,769266402,01-10-2014,1878,9.33,6.92,17521.74,12995.76,4525.98
Australia and Oceania,Papua New Guinea,Personal Care,Online,M,7/18/2010,438296830,09-05-2010,627,81.73,56.67,51244.71,35532.09,15712.62
Sub-Saharan Africa,Mauritius ,Baby Food,Online,H,10-06-2010,833262622,11-04-2010,9782,255.28,159.42,2497148.96,1559446.44,937702.52
Europe,Iceland,Cereal,Offline,L,12/14/2014,502650105,12/29/2014,4191,205.7,117.11,862088.7,490808.01,371280.69
Sub-Saharan Africa,Burundi,Office Supplies,Offline,M,02-04-2013,765258109,2/17/2013,5735,651.21,524.96,3734689.35,3010645.6,724043.75
Sub-Saharan Africa,Burkina Faso,Fruits,Online,L,5/27/2011,760197961,07-07-2011,8325,9.33,6.92,77672.25,57609,20063.25
Sub-Saharan Africa,Burundi,Cereal,Offline,L,05-06-2013,596893489,05-10-2013,2903,205.7,117.11,597147.1,339970.33,257176.77
Australia and Oceania,East Timor,Cosmetics,Offline,M,11/25/2015,905081021,12/20/2015,2442,437.2,263.33,1067642.4,643051.86,424590.54
Asia,Bhutan,Clothes,Offline,C,4/24/2013,584809386,05-04-2013,6948,109.28,35.84,759277.44,249016.32,510261.12
Europe,Malta,Snacks,Offline,M,1/18/2016,856439912,2/20/2016,8457,152.58,97.44,1290369.06,824050.08,466318.98
Asia,Laos,Personal Care,Online,C,09-11-2016,310646426,09-11-2016,6036,81.73,56.67,493322.28,342060.12,151262.16
Sub-Saharan Africa,Democratic Republic of the Congo,Clothes,Online,M,6/28/2016,758415257,08-06-2016,783,109.28,35.84,85566.24,28062.72,57503.52
Central America and the Caribbean,Antigua and Barbuda ,Meat,Offline,M,12-11-2013,481045234,12/18/2013,829,421.89,364.69,349746.81,302328.01,47418.8
Central America and the Caribbean,Honduras,Meat,Online,L,3/13/2016,980147683,4/15/2016,6335,421.89,364.69,2672673.15,2310311.15,362362
Europe,Ireland,Meat,Offline,C,7/15/2012,227646434,08-10-2012,4493,421.89,364.69,1895551.77,1638552.17,256999.6
Middle East and North Africa,Egypt,Cereal,Offline,M,01-09-2016,315777814,1/23/2016,4527,205.7,117.11,931203.9,530156.97,401046.93
Sub-Saharan Africa,Cote d'Ivoire,Baby Food,Offline,M,4/13/2014,707090651,4/25/2014,2692,255.28,159.42,687213.76,429158.64,258055.12
Sub-Saharan Africa,Botswana,Meat,Offline,C,2/22/2011,484446275,04-11-2011,7273,421.89,364.69,3068405.97,2652390.37,416015.6
Asia,China,Cosmetics,Online,C,4/20/2015,601018512,5/27/2015,3588,437.2,263.33,1568673.6,944828.04,623845.56
Sub-Saharan Africa,Burkina Faso,Vegetables,Offline,M,10-12-2013,730293691,10/21/2013,8987,154.06,90.93,1384537.22,817187.91,567349.31
Australia and Oceania,Kiribati,Fruits,Online,H,08-12-2013,616070640,9/13/2013,7848,9.33,6.92,73221.84,54308.16,18913.68
Australia and Oceania,Tonga,Baby Food,Online,L,4/28/2015,522460687,06-04-2015,6582,255.28,159.42,1680252.96,1049302.44,630950.52
Europe,Liechtenstein,Snacks,Offline,M,9/14/2016,783887660,10/27/2016,8633,152.58,97.44,1317223.14,841199.52,476023.62
Central America and the Caribbean,Saint Vincent and the Grenadines,Household,Online,C,8/17/2016,455087888,9/18/2016,9474,668.27,502.54,6331189.98,4761063.96,1570126.02
Central America and the Caribbean,Dominican Republic,Personal Care,Offline,C,3/27/2011,461110198,4/21/2011,1609,81.73,56.67,131503.57,91182.03,40321.54
Australia and Oceania,Papua New Guinea,Vegetables,Offline,C,11/16/2012,447315919,11/23/2012,9576,154.06,90.93,1475278.56,870745.68,604532.88
Australia and Oceania,East Timor,Clothes,Online,C,1/16/2016,129378879,1/16/2016,4940,109.28,35.84,539843.2,177049.6,362793.6
Europe,Slovenia,Office Supplies,Online,M,4/13/2016,643285405,5/23/2016,1301,651.21,524.96,847224.21,682972.96,164251.25
Asia,Nepal,Fruits,Online,M,01-01-2014,495334327,2/20/2014,9290,9.33,6.92,86675.7,64286.8,22388.9
Asia,India,Personal Care,Offline,H,09-01-2010,512136971,9/18/2010,1566,81.73,56.67,127989.18,88745.22,39243.96
Asia,Bhutan,Baby Food,Online,H,08-06-2012,690617167,8/24/2012,7822,255.28,159.42,1996800.16,1246983.24,749816.92
Central America and the Caribbean,Honduras,Clothes,Offline,H,1/13/2012,648011243,2/23/2012,9782,109.28,35.84,1068976.96,350586.88,718390.08
Sub-Saharan Africa,Rwanda,Office Supplies,Online,C,8/21/2013,971868026,09-02-2013,6201,651.21,524.96,4038153.21,3255276.96,782876.25
Central America and the Caribbean,Barbados,Baby Food,Offline,H,7/24/2015,970048844,8/17/2015,7865,255.28,159.42,2007777.2,1253838.3,753938.9
Asia,Japan,Snacks,Online,M,3/29/2013,920727527,3/31/2013,2591,152.58,97.44,395334.78,252467.04,142867.74
Europe,Malta,Beverages,Online,H,9/30/2010,722390401,11-12-2010,228,47.45,31.79,10818.6,7248.12,3570.48
Middle East and North Africa,United Arab Emirates,Vegetables,Offline,H,12/31/2016,343836295,1/22/2017,7655,154.06,90.93,1179329.3,696069.15,483260.15
Australia and Oceania,Tuvalu,Snacks,Online,C,9/13/2011,274176537,10/18/2011,3785,152.58,97.44,577515.3,368810.4,208704.9
Europe,Montenegro,Personal Care,Offline,L,04-03-2017,172834956,4/16/2017,4559,81.73,56.67,372607.07,258358.53,114248.54
Europe,Cyprus,Baby Food,Online,L,9/16/2011,219547879,9/18/2011,7951,255.28,159.42,2029731.28,1267548.42,762182.86
Sub-Saharan Africa,Eritrea,Cosmetics,Offline,M,10/24/2015,664364135,11/29/2015,8966,437.2,263.33,3919935.2,2361016.78,1558918.42
Sub-Saharan Africa,Comoros,Vegetables,Offline,M,07-09-2013,477645051,7/18/2013,4640,154.06,90.93,714838.4,421915.2,292923.2
Central America and the Caribbean,Guatemala,Vegetables,Offline,C,05-12-2016,500064456,5/19/2016,9040,154.06,90.93,1392702.4,822007.2,570695.2
Sub-Saharan Africa,Comoros,Office Supplies,Online,M,3/18/2014,292608678,4/17/2014,8265,651.21,524.96,5382250.65,4338794.4,1043456.25
Sub-Saharan Africa,Central African Republic,Cosmetics,Offline,L,12-05-2016,386576545,12/16/2016,5445,437.2,263.33,2380554,1433831.85,946722.15
Asia,Thailand,Household,Offline,C,9/27/2012,933579385,9/30/2012,5741,668.27,502.54,3836538.07,2885082.14,951455.93
Australia and Oceania,Federated States of Micronesia,Office Supplies,Online,C,06-04-2017,355541026,7/17/2017,1345,651.21,524.96,875877.45,706071.2,169806.25
Asia,Bhutan,Fruits,Online,L,7/17/2017,294697797,8/17/2017,6482,9.33,6.92,60477.06,44855.44,15621.62
North America,Canada,Personal Care,Offline,C,1/28/2012,663598525,02-04-2012,2405,81.73,56.67,196560.65,136291.35,60269.3
Central America and the Caribbean,Saint Vincent and the Grenadines,Cereal,Offline,M,3/21/2016,995104539,4/16/2016,2401,205.7,117.11,493885.7,281181.11,212704.59
Sub-Saharan Africa,South Africa,Beverages,Online,H,2/27/2012,892389667,3/25/2012,6788,47.45,31.79,322090.6,215790.52,106300.08
Central America and the Caribbean,Guatemala,Clothes,Online,H,06-03-2013,478940236,6/17/2013,7914,109.28,35.84,864841.92,283637.76,581204.16
Central America and the Caribbean,Saint Vincent and the Grenadines,Personal Care,Offline,M,09-07-2015,848555076,10-09-2015,5159,81.73,56.67,421645.07,292360.53,129284.54
Sub-Saharan Africa,Burundi,Clothes,Online,L,09-06-2015,915345513,10-11-2015,9933,109.28,35.84,1085478.24,355998.72,729479.52
Sub-Saharan Africa,Liberia,Cosmetics,Online,M,12/30/2014,563735377,1/16/2015,680,437.2,263.33,297296,179064.4,118231.6
Australia and Oceania,East Timor,Cosmetics,Offline,H,4/13/2016,198460996,5/21/2016,7874,437.2,263.33,3442512.8,2073460.42,1369052.38
Europe,Portugal,Office Supplies,Online,L,11/24/2011,294571197,01-05-2012,9018,651.21,524.96,5872611.78,4734089.28,1138522.5
Central America and the Caribbean,Saint Kitts and Nevis ,Baby Food,Offline,C,5/29/2010,947427308,07-06-2010,3649,255.28,159.42,931516.72,581723.58,349793.14
Asia,Philippines,Office Supplies,Offline,L,02-01-2010,522703158,2/24/2010,8335,651.21,524.96,5427835.35,4375541.6,1052293.75
Europe,Hungary,Clothes,Offline,L,04-10-2010,606385076,4/19/2010,1674,109.28,35.84,182934.72,59996.16,122938.56
Europe,Hungary,Fruits,Offline,H,2/26/2015,154771888,04-12-2015,9296,9.33,6.92,86731.68,64328.32,22403.36
Sub-Saharan Africa,Zimbabwe,Beverages,Offline,H,11-03-2014,444474923,12/15/2014,8862,47.45,31.79,420501.9,281722.98,138778.92
Middle East and North Africa,Libya,Clothes,Offline,H,11/13/2011,122418010,11/13/2011,5064,109.28,35.84,553393.92,181493.76,371900.16
Europe,Estonia,Personal Care,Online,L,5/25/2017,155837476,6/30/2017,4627,81.73,56.67,378164.71,262212.09,115952.62
Sub-Saharan Africa,Lesotho,Office Supplies,Offline,C,03-03-2017,682282149,4/21/2017,1305,651.21,524.96,849829.05,685072.8,164756.25
Australia and Oceania,East Timor,Clothes,Online,M,2/14/2013,559613358,2/19/2013,883,109.28,35.84,96494.24,31646.72,64847.52
Europe,Vatican City,Meat,Online,C,1/18/2012,516004931,1/26/2012,6181,421.89,364.69,2607702.09,2254148.89,353553.2
Middle East and North Africa,Saudi Arabia,Baby Food,Offline,H,3/26/2014,899943196,4/21/2014,2045,255.28,159.42,522047.6,326013.9,196033.7
Asia,Singapore,Baby Food,Online,L,3/27/2017,330226981,04-08-2017,357,255.28,159.42,91134.96,56912.94,34222.02
Asia,Malaysia,Clothes,Offline,L,02-12-2012,645967614,3/20/2012,5027,109.28,35.84,549350.56,180167.68,369182.88
Europe,Poland,Clothes,Offline,L,07-01-2017,156588923,07-05-2017,6997,109.28,35.84,764632.16,250772.48,513859.68
Europe,San Marino,Cosmetics,Offline,H,3/17/2015,391827237,4/24/2015,9242,437.2,263.33,4040602.4,2433695.86,1606906.54
Sub-Saharan Africa,Ethiopia,Vegetables,Offline,L,8/22/2014,251731383,10-04-2014,1765,154.06,90.93,271915.9,160491.45,111424.45
Sub-Saharan Africa,The Gambia,Cosmetics,Online,C,02-10-2011,956662690,3/25/2011,6604,437.2,263.33,2887268.8,1739031.32,1148237.48
Europe,Lithuania,Beverages,Online,L,05-11-2012,197294986,6/27/2012,2825,47.45,31.79,134046.25,89806.75,44239.5
Europe,Romania,Vegetables,Offline,C,1/17/2012,684614598,2/14/2012,1528,154.06,90.93,235403.68,138941.04,96462.64
Asia,Sri Lanka,Personal Care,Offline,C,3/31/2016,699920356,5/18/2016,842,81.73,56.67,68816.66,47716.14,21100.52
Europe,Latvia,Cosmetics,Online,M,12/21/2016,844823586,1/22/2017,928,437.2,263.33,405721.6,244370.24,161351.36
Sub-Saharan Africa,Kenya,Cereal,Offline,C,1/26/2011,891248118,03-09-2011,8979,205.7,117.11,1846980.3,1051530.69,795449.61
Central America and the Caribbean,Guatemala,Clothes,Offline,H,08-10-2011,231430280,8/14/2011,4218,109.28,35.84,460943.04,151173.12,309769.92
Central America and the Caribbean,Grenada,Beverages,Offline,M,10-10-2013,127918899,11/15/2013,2900,47.45,31.79,137605,92191,45414
Europe,Kosovo,Baby Food,Online,H,11-03-2013,563575303,11/14/2013,3311,255.28,159.42,845232.08,527839.62,317392.46
Australia and Oceania,Tuvalu,Office Supplies,Online,M,12-01-2012,691573321,1/19/2013,769,651.21,524.96,500780.49,403694.24,97086.25
Europe,Bosnia and Herzegovina,Personal Care,Online,H,03-06-2013,185399281,04-02-2013,2622,81.73,56.67,214296.06,148588.74,65707.32
Central America and the Caribbean,Nicaragua,Household,Offline,H,1/31/2014,588852012,2/13/2014,3251,668.27,502.54,2172545.77,1633757.54,538788.23
Middle East and North Africa,Afghanistan,Snacks,Offline,C,2/27/2016,366042840,04-07-2016,9065,152.58,97.44,1383137.7,883293.6,499844.1
Europe,Montenegro,Vegetables,Online,H,03-11-2017,751395595,04-05-2017,3509,154.06,90.93,540596.54,319073.37,221523.17
Australia and Oceania,Papua New Guinea,Baby Food,Online,C,1/21/2016,799646604,1/21/2016,2055,255.28,159.42,524600.4,327608.1,196992.3
Central America and the Caribbean,El Salvador,Baby Food,Offline,M,6/19/2016,535844695,7/29/2016,7208,255.28,159.42,1840058.24,1149099.36,690958.88
Asia,Malaysia,Beverages,Offline,C,8/19/2015,505351197,09-12-2015,3504,47.45,31.79,166264.8,111392.16,54872.64
North America,Canada,Snacks,Offline,M,08-11-2015,423839938,09-08-2015,2511,152.58,97.44,383128.38,244671.84,138456.54
Asia,Bhutan,Vegetables,Offline,M,12/15/2011,527297246,1/20/2012,7828,154.06,90.93,1205981.68,711800.04,494181.64
Sub-Saharan Africa,Zimbabwe,Cereal,Online,C,8/21/2012,222021949,09-12-2012,83,205.7,117.11,17073.1,9720.13,7352.97
Central America and the Caribbean,Belize,Meat,Offline,H,7/24/2011,334625375,8/16/2011,1939,421.89,364.69,818044.71,707133.91,110910.8
Sub-Saharan Africa,Botswana,Vegetables,Online,C,1/14/2015,862031352,1/30/2015,3088,154.06,90.93,475737.28,280791.84,194945.44
Sub-Saharan Africa,Mauritius ,Clothes,Offline,M,4/23/2015,521476209,5/31/2015,5253,109.28,35.84,574047.84,188267.52,385780.32
Australia and Oceania,Tonga,Cosmetics,Online,L,1/13/2017,800508773,1/30/2017,7190,437.2,263.33,3143468,1893342.7,1250125.3
Asia,North Korea,Snacks,Online,C,10/21/2010,106990373,12-04-2010,9684,152.58,97.44,1477584.72,943608.96,533975.76
Europe,Andorra,Beverages,Online,C,10-05-2014,519094836,11/21/2014,552,47.45,31.79,26192.4,17548.08,8644.32
Sub-Saharan Africa,Mauritius ,Office Supplies,Online,M,04-06-2010,135308492,4/23/2010,9644,651.21,524.96,6280269.24,5062714.24,1217555
Middle East and North Africa,Oman,Meat,Online,H,10/20/2013,724430167,11/24/2013,3840,421.89,364.69,1620057.6,1400409.6,219648
Sub-Saharan Africa,Zimbabwe,Baby Food,Online,L,8/26/2012,975571191,10-10-2012,2050,255.28,159.42,523324,326811,196513
Sub-Saharan Africa,Equatorial Guinea,Snacks,Offline,H,1/27/2014,548155391,2/24/2014,216,152.58,97.44,32957.28,21047.04,11910.24
Europe,Liechtenstein,Household,Online,H,04-03-2011,521919095,05-02-2011,6313,668.27,502.54,4218788.51,3172535.02,1046253.49
Asia,Cambodia,Vegetables,Online,C,5/17/2017,246911132,6/18/2017,5346,154.06,90.93,823604.76,486111.78,337492.98
Central America and the Caribbean,Costa Rica,Fruits,Online,C,5/24/2016,493492829,6/26/2016,4350,9.33,6.92,40585.5,30102,10483.5
Europe,Russia,Fruits,Offline,H,04-06-2012,302338016,4/23/2012,7392,9.33,6.92,68967.36,51152.64,17814.72
Australia and Oceania,Tonga,Personal Care,Offline,L,7/28/2017,134433019,8/30/2017,572,81.73,56.67,46749.56,32415.24,14334.32
Sub-Saharan Africa,Lesotho,Clothes,Offline,C,11/25/2011,521076667,12-11-2011,7020,109.28,35.84,767145.6,251596.8,515548.8
Europe,Monaco,Beverages,Offline,M,10-01-2013,713880288,10/17/2013,1896,47.45,31.79,89965.2,60273.84,29691.36
Sub-Saharan Africa,Sudan,Meat,Offline,M,03-11-2016,934767711,04-03-2016,7393,421.89,364.69,3119032.77,2696153.17,422879.6
Australia and Oceania,Samoa ,Meat,Online,H,05-12-2013,125975263,6/17/2013,7735,421.89,364.69,3263319.15,2820877.15,442442
Australia and Oceania,Kiribati,Cereal,Offline,L,10/22/2011,900051772,12-06-2011,4175,205.7,117.11,858797.5,488934.25,369863.25
Sub-Saharan Africa,Togo,Cosmetics,Offline,H,08-01-2011,989858567,08-04-2011,2,437.2,263.33,874.4,526.66,347.74
Europe,Iceland,Clothes,Offline,M,01-03-2010,898569476,01-05-2010,5531,109.28,35.84,604427.68,198231.04,406196.64
Sub-Saharan Africa,Guinea,Personal Care,Offline,L,1/20/2013,749670827,03-07-2013,3112,81.73,56.67,254343.76,176357.04,77986.72
Sub-Saharan Africa,South Africa,Personal Care,Offline,H,5/22/2016,736961448,6/18/2016,2124,81.73,56.67,173594.52,120367.08,53227.44
Europe,Iceland,Cosmetics,Offline,L,10-01-2016,674552667,10-02-2016,3979,437.2,263.33,1739618.8,1047790.07,691828.73
Europe,Georgia,Fruits,Offline,C,9/20/2015,446868312,10-03-2015,7119,9.33,6.92,66420.27,49263.48,17156.79
Sub-Saharan Africa,Kenya,Cereal,Online,C,12/13/2015,458644711,01-03-2016,2017,205.7,117.11,414896.9,236210.87,178686.03
Asia,Bangladesh,Vegetables,Online,C,5/14/2017,284930694,06-02-2017,6179,154.06,90.93,951936.74,561856.47,390080.27
Europe,Albania,Fruits,Offline,M,5/26/2013,921087586,6/13/2013,9140,9.33,6.92,85276.2,63248.8,22027.4
Middle East and North Africa,Qatar,Cosmetics,Online,C,6/19/2017,732789218,07-03-2017,7469,437.2,263.33,3265446.8,1966811.77,1298635.03
Europe,Lithuania,Cosmetics,Online,H,10-02-2013,406021916,10/21/2013,9763,437.2,263.33,4268383.6,2570890.79,1697492.81
Sub-Saharan Africa,Cote d'Ivoire,Household,Offline,M,01-10-2014,697084510,02-10-2014,1652,668.27,502.54,1103982.04,830196.08,273785.96
Australia and Oceania,Tuvalu,Office Supplies,Offline,L,12/21/2015,182588326,01-02-2016,798,651.21,524.96,519665.58,418918.08,100747.5
Europe,Lithuania,Household,Offline,M,7/16/2014,209457194,7/29/2014,1893,668.27,502.54,1265035.11,951308.22,313726.89
Asia,Laos,Cosmetics,Online,L,05-03-2013,844927442,6/20/2013,1661,437.2,263.33,726189.2,437391.13,288798.07
Europe,Poland,Clothes,Offline,M,3/26/2013,426547896,4/13/2013,3856,109.28,35.84,421383.68,138199.04,283184.64
Australia and Oceania,Marshall Islands,Cosmetics,Online,L,03-04-2016,512179887,4/13/2016,4265,437.2,263.33,1864658,1123102.45,741555.55
Europe,Belarus,Cereal,Online,C,10/21/2013,929997241,11-06-2013,5705,205.7,117.11,1173518.5,668112.55,505405.95
Middle East and North Africa,Azerbaijan,Cereal,Online,C,12/26/2013,228486287,01-09-2014,3025,205.7,117.11,622242.5,354257.75,267984.75
Central America and the Caribbean,El Salvador,Snacks,Offline,H,04-11-2014,626445853,5/21/2014,8104,152.58,97.44,1236508.32,789653.76,446854.56
Europe,Vatican City,Meat,Online,C,4/21/2013,362987267,05-01-2013,4854,421.89,364.69,2047854.06,1770205.26,277648.8
Europe,Austria,Personal Care,Offline,C,7/21/2014,447534358,8/23/2014,4217,81.73,56.67,344655.41,238977.39,105678.02
Asia,Nepal,Office Supplies,Online,M,12/28/2014,609823453,1/25/2015,9166,651.21,524.96,5968990.86,4811783.36,1157207.5
Central America and the Caribbean,Antigua and Barbuda ,Cereal,Offline,L,06-10-2016,649903380,06-12-2016,9707,205.7,117.11,1996729.9,1136786.77,859943.13
Middle East and North Africa,Azerbaijan,Household,Offline,C,3/23/2014,888135468,4/23/2014,7876,668.27,502.54,5263294.52,3958005.04,1305289.48
Sub-Saharan Africa,Mali,Office Supplies,Offline,M,1/26/2016,815193545,2/15/2016,2740,651.21,524.96,1784315.4,1438390.4,345925
Europe,Albania,Cereal,Online,C,8/24/2015,442063939,10-08-2015,5398,205.7,117.11,1110368.6,632159.78,478208.82
Sub-Saharan Africa,Djibouti,Clothes,Online,C,6/15/2011,750045478,07-01-2011,3979,109.28,35.84,434825.12,142607.36,292217.76
Middle East and North Africa,Somalia,Baby Food,Offline,M,8/24/2010,540749490,09-01-2010,8646,255.28,159.42,2207150.88,1378345.32,828805.56
Middle East and North Africa,Tunisia ,Snacks,Offline,C,1/28/2010,486099803,03-05-2010,6589,152.58,97.44,1005349.62,642032.16,363317.46
Asia,Singapore,Personal Care,Online,M,3/27/2015,878332746,4/20/2015,7033,81.73,56.67,574807.09,398560.11,176246.98
North America,Greenland,Cereal,Online,C,9/28/2013,279997146,11-04-2013,6232,205.7,117.11,1281922.4,729829.52,552092.88
Middle East and North Africa,Iran,Household,Online,L,01-04-2017,473954331,01-06-2017,2474,668.27,502.54,1653299.98,1243283.96,410016.02
Asia,China,Beverages,Offline,H,01-03-2011,613378131,02-10-2011,1074,47.45,31.79,50961.3,34142.46,16818.84
Australia and Oceania,Vanuatu,Baby Food,Offline,M,1/18/2013,371754872,02-09-2013,9383,255.28,159.42,2395292.24,1495837.86,899454.38
Europe,Ireland,Fruits,Online,L,01-11-2015,392883384,02-03-2015,1779,9.33,6.92,16598.07,12310.68,4287.39
Europe,Hungary,Snacks,Offline,L,6/18/2017,940874993,07-08-2017,4674,152.58,97.44,713158.92,455434.56,257724.36
North America,Greenland,Beverages,Online,H,7/30/2010,550153529,09-03-2010,1510,47.45,31.79,71649.5,48002.9,23646.6
Europe,Georgia,Meat,Offline,M,12/16/2015,975455319,02-03-2016,7761,421.89,364.69,3274288.29,2830359.09,443929.2
Sub-Saharan Africa,Benin,Meat,Online,H,08-08-2014,441829192,09-09-2014,5931,421.89,364.69,2502229.59,2162976.39,339253.2
Middle East and North Africa,Saudi Arabia,Clothes,Online,H,4/16/2011,394636476,05-05-2011,558,109.28,35.84,60978.24,19998.72,40979.52
Middle East and North Africa,Kuwait,Cosmetics,Offline,H,8/27/2015,549550998,9/30/2015,3207,437.2,263.33,1402100.4,844499.31,557601.09
Central America and the Caribbean,Cuba,Office Supplies,Offline,L,09-03-2015,242559087,09-12-2015,7479,651.21,524.96,4870399.59,3926175.84,944223.75
Sub-Saharan Africa,Malawi,Cereal,Offline,L,10-01-2011,679959571,10/23/2011,4002,205.7,117.11,823211.4,468674.22,354537.18
Middle East and North Africa,Iran,Household,Online,L,12-04-2012,888363778,12-11-2012,5438,668.27,502.54,3634052.26,2732812.52,901239.74
Europe,Lithuania,Snacks,Offline,C,5/17/2010,864695537,6/28/2010,1480,152.58,97.44,225818.4,144211.2,81607.2
Asia,Mongolia,Snacks,Online,H,6/25/2011,226191174,07-09-2011,3850,152.58,97.44,587433,375144,212289
Middle East and North Africa,Jordan,Cereal,Online,C,05-03-2013,460399520,05-03-2013,1304,205.7,117.11,268232.8,152711.44,115521.36
Central America and the Caribbean,El Salvador,Clothes,Online,L,02-03-2014,875181901,3/18/2014,4628,109.28,35.84,505747.84,165867.52,339880.32
Central America and the Caribbean,Costa Rica,Cosmetics,Offline,L,10-03-2016,848712146,10/21/2016,1639,437.2,263.33,716570.8,431597.87,284972.93
Europe,Albania,Cereal,Online,C,04-03-2010,279476583,4/22/2010,2186,205.7,117.11,449660.2,256002.46,193657.74
Middle East and North Africa,Saudi Arabia,Beverages,Offline,H,1/29/2011,936274039,2/24/2011,3149,47.45,31.79,149420.05,100106.71,49313.34
Sub-Saharan Africa,Uganda,Fruits,Online,L,1/28/2014,608215844,03-02-2014,3439,9.33,6.92,32085.87,23797.88,8287.99
Asia,Singapore,Fruits,Offline,H,5/13/2011,754725825,06-02-2011,8998,9.33,6.92,83951.34,62266.16,21685.18
North America,United States of America,Office Supplies,Online,C,04-10-2011,655540311,5/13/2011,7800,651.21,524.96,5079438,4094688,984750
Europe,Georgia,Household,Online,M,11-04-2011,560708129,11-10-2011,4850,668.27,502.54,3241109.5,2437319,803790.5
Europe,Sweden,Office Supplies,Offline,M,03-03-2012,340590608,04-07-2012,7184,651.21,524.96,4678292.64,3771312.64,906980
Europe,Liechtenstein,Office Supplies,Online,L,3/17/2016,835861575,3/21/2016,8870,651.21,524.96,5776232.7,4656395.2,1119837.5
Europe,Czech Republic,Beverages,Offline,M,11-01-2013,707507359,11/14/2013,6005,47.45,31.79,284937.25,190898.95,94038.3
Australia and Oceania,Kiribati,Personal Care,Online,L,11/30/2014,486826789,1/18/2015,1720,81.73,56.67,140575.6,97472.4,43103.2
Sub-Saharan Africa,Mali,Office Supplies,Online,H,3/27/2015,325431191,04-04-2015,1176,651.21,524.96,765822.96,617352.96,148470
Sub-Saharan Africa,Sudan,Snacks,Offline,M,06-09-2015,445244395,07-10-2015,6566,152.58,97.44,1001840.28,639791.04,362049.24
Asia,Bangladesh,Beverages,Offline,H,3/23/2017,688502728,04-10-2017,2112,47.45,31.79,100214.4,67140.48,33073.92
